1887 3188
235 119 291 161 36
746 130 935 162 ‚mocnsn
966 129 1020 158 OF
1050 129 1252 157 ARDAGH.

231 235 385 277 nuntio
425 234 724 280 destinaretur,
766 232 1057 289 apprehensus
1097 231 1144 273 in
1174 246 1387 273 carcerem
1427 230 1671 287 conjicitur,
1705 229 1780 285 qui

233 293 401 350 saepius
422 293 522 334 inde
543 292 599 333 ad
619 291 812 333 tribunal
832 291 1054 342 deductus,
1077 295 1121 331 et
1140 289 1188 331 in
1208 304 1421 331 carcerem
1451 289 1664 339 detrusus,
1687 293 1778 330 toto

231 352 365 393 trium
395 365 606 392 annorum
647 349 784 405 spatio
814 348 862 390 in
892 348 1056 404 frigore
1089 352 1132 389 et
1168 352 1359 403 egestate
1393 347 1532 388 multa
1562 346 1778 403 patienter

233 409 450 451 sustinuit.
514 407 624 449 Cum
643 407 819 448 tandem
839 407 886 448 in
907 421 955 448 eo
970 406 1135 447 nullam
1152 405 1303 447 mortis
1324 420 1496 448 causam
1511 404 1778 446 invenissent

231 472 407 523 propter
446 466 591 508 debita
631 470 822 521 tempore
862 480 961 506 suae
991 463 1255 520 captivitatis
1285 468 1504 505 contracta
1533 462 1581 504 in
1611 477 1779 504 carcere

233 526 462 574 detinetur,
479 525 612 566 donec
625 523 840 565 industria
853 528 895 564 et
908 522 1169 564 liberalitate
1183 521 1253 563 Ill.
1269 521 1322 563 D.
1339 520 1579 577 Rospiglisi
1591 520 1777 577 praefati

231 583 501 625 Internuntii
522 581 673 623 solutis
693 581 862 631 debitis,
879 580 1087 637 pristinae
1106 579 1300 621 libertati
1313 579 1570 622 restituitur.
1635 578 1778 625 Quare

231 656 330 683 cum
370 641 426 682 sit
465 640 638 681 nativus
678 638 812 695 hujus
842 638 1058 689 dioecesis,
1090 637 1318 693 religiosus
1347 637 1565 694 professus
1595 636 1776 687 familia,

230 698 396 748 habitu,
419 703 462 740 et
482 698 655 754 propria
676 697 917 739 constantia
937 696 985 737 in
1004 696 1192 752 negotiis
1212 695 1334 737 Sedis
1364 695 1640 751 Apostolicae
1662 709 1773 736 com-

228 756 496 806 mendabilis,
538 762 587 797 ut
618 760 770 797 notum
799 755 1010 805 omnibus,
1041 754 1129 795 imo
1159 753 1329 796 abunde
1367 753 1646 795 beneaffectis
1676 753 1778 794 fidei

228 814 461 858 catholicae
500 814 549 855 in
587 813 667 855 hac
708 812 866 855 afflicta
904 810 1126 868 provincia
1165 826 1296 867 quam
1334 811 1518 853 firmiter
1556 811 1602 852 in
1634 810 1776 852 animo

227 873 442 920 affectum,
465 871 752 913 reverentiam
773 878 816 912 et
835 870 1124 912 obedientiam
1137 869 1291 911 habuit
1311 885 1414 926 erga
1431 885 1551 911 suam
1573 869 1775 911 sanctita-

226 936 327 981 tem,
363 945 410 972 ac
441 945 495 971 ne
526 929 666 985 optari
697 929 874 984 quidem
903 943 1025 984 posse
1056 928 1313 969 documenta
1342 928 1551 984 ampliora
1580 927 1635 968 iis
1665 942 1774 983 quae

224 989 433 1031 hactenus
453 987 663 1038 exhibuit,
688 1002 787 1029 eum
807 987 1006 1028 omnibus
1026 985 1244 1027 extraneis
1256 986 1553 1042 praeferimus,
1568 985 1771 1041 dignum-

224 1062 307 1102 que
330 1046 575 1102 judicamus
603 1050 653 1086 ut
680 1045 727 1086 in
750 1044 991 1100 praemium
1017 1059 1117 1086 suae
1144 1044 1410 1100 captivitatis
1435 1045 1490 1086 ad
1511 1059 1618 1085 onus
1642 1042 1771 1100 Epis-

222 1104 368 1160 copale
387 1107 702 1159 promoveatur.

312 1162 455 1209 Quare
495 1177 594 1203 eum
634 1161 681 1202 in
720 1159 985 1216 Episcopum
1023 1159 1160 1216 hujus
1200 1160 1403 1203 dioecesis
1432 1158 1774 1216 promovendum

221 1225 556 1276 praesentamus,
599 1224 642 1261 et
682 1218 963 1275 postulamus.
1043 1218 1285 1260 Humiliter
1326 1219 1616 1275 supplicantes
1646 1217 1772 1258 Illmae

220 1283 386 1320 vestrae
428 1277 519 1328 Dm,
558 1283 608 1319 ut
638 1276 885 1333 praefatum
927 1276 1290 1332 Christophorum
1321 1276 1541 1319 O'Feraill
1581 1275 1696 1332 apud
1726 1273 1768 1316 S.

220 1335 516 1386 Sanctitatem,
557 1342 599 1377 et
640 1335 682 1377 S.
717 1334 941 1390 Congnem
971 1335 1024 1376 de
1054 1334 1185 1391 Prop.
1247 1334 1358 1377 Fide
1388 1335 1443 1377 ad
1472 1335 1638 1376 dictum
1667 1347 1775 1375 onus

221 1394 519 1437 commendare
540 1400 582 1435 et
603 1408 853 1451 promovere
874 1393 1093 1448 dignetur.

308 1453 365 1494 D.
388 1453 442 1493 D.
466 1452 722 1494 Franciscus
743 1451 781 1492 F
784 1450 902 1501 erall,
926 1451 1117 1507 Toparca
1137 1451 1190 1493 de
1211 1450 1401 1493 Mornin.

308 1511 508 1565 Rogerus
529 1509 688 1559 Ferall,
709 1509 835 1550 heres
853 1509 1066 1550 naturalis
1085 1508 1273 1564 praefati
1292 1508 1470 1551 Domini
1491 1513 1534 1549 et
1548 1506 1768 1550 territorii.

310 1568 465 1624 Sawby
486 1568 523 1609 F
527 1567 645 1615 erall,
667 1567 792 1608 heres
812 1566 1023 1608 naturalis
1044 1567 1254 1608 territorii
1273 1567 1568 1622 Brockinagh.

308 1626 483 1668 Marcus
503 1625 661 1674 Ferall‚
682 1625 805 1667 heres
824 1624 1037 1666 naturalis
1055 1625 1109 1667 de
1129 1624 1464 1681 Cullinlasragh.

309 1684 546 1739 Fergusius
567 1682 726 1733 Ferall,
748 1683 961 1725 Dominus
982 1682 1247 1739 Temporalis
1267 1683 1319 1725 de
1339 1683 1624 1740 Ardannagh.

310 1742 567 1784 Franciscus
586 1741 629 1783 N
631 1740 848 1797 ugentius.

310 1800 340 1842 J
343 1815 449 1842 oann
456 1815 499 1841 es
520 1799 679 1840 Farell.

313 1857 490 1899 Carolus
510 1856 746 1913 Roynalds.

312 1915 499 1971 Kedagh
520 1914 754 1971 Roynalds.

311 1973 479 2015 Tullius
499 1973 746 2029 Duigenan.

312 2031 342 2073 J
344 2047 502 2073 oannes
543 2030 840 2087 Duigenanus‚
882 2029 1074 2072 medicus
1112 2031 1372 2087 approbatus
1401 2030 1770 2088 Ardaghmlensis,

228 2088 379 2131 Clerus
398 2088 766 2145 Ardaghadensis.

315 2147 372 2190 R.
394 2147 448 2188 R.
472 2147 525 2188 D.
549 2147 604 2188 D.
628 2146 657 2188 J
660 2161 818 2188 oannes
839 2145 994 2197 Oahill,
1018 2151 1164 2202 pastor
1183 2146 1236 2188 de
1256 2146 1507 2204 Killglasse.

314 2205 525 2247 Patritius
545 2204 745 2246 Keranus
765 2204 818 2245 de
839 2202 966 2246 Balle
985 2204 1277 2246 M‘Carmuck.

313 2263 562 2304 Bernardus
583 2262 790 2318 Magerri,
811 2266 958 2318 pastor
977 2262 1029 2304 de
1050 2261 1209 2304 Killoe.

313 2321 343 2362 J
345 2321 499 2363 acobus
519 2320 782 2371 Albidensis‚
803 2324 951 2376 pastor
970 2320 1023 2362 de
1043 2320 1257 2376 Moydow.

313 2378 523 2421 Patritius
544 2377 702 2428 Farell,
723 2383 869 2434 pastor
888 2378 941 2420 de
960 2377 1158 2434 Ardagh.

315 2436 506 2478 Arturus
525 2435 772 2488 Muldoone,
793 2440 939 2492 pastor
959 2436 1012 2478 de
1032 2435 1225 2478 Racline.

318 2494 553 2550 Dionysius
574 2493 732 2543 Ferall,
754 2499 900 2550 pastor
919 2494 972 2535 de
993 2493 1218 2536 Ratasbik.

319 2552 453 2608 Hugo
474 2552 639 2602 Dunor,
661 2557 807 2608 pastor
833 2551 886 2593 de
915 2551 1100 2602 Stradia,
1123 2551 1371 2594 Bernardus
1401 2553 1584 2610 Reyley,
1614 2560 1772 2611 pastor.

321 2610 548 2652 Terentius
569 2609 768 2666 Syridan‚
789 2614 946 2666 pastor,
969 2608 1194 2652 Cornelius
1213 2609 1369 2667 Reyly,
1392 2619 1548 2668 pastor.

321 2667 488 2709 Tullius
507 2667 751 2723 Duigenan,
768 2672 914 2724 pastor
934 2667 987 2709 de
1007 2667 1296 2724 Killt-agorke,
1312 2674 1450 2712 rector
1466 2670 1519 2712 de
1533 2670 1772 2728 Killsgery.

321 2725 556 2781 Dionysius
577 2725 767 2781 Cullroy,
788 2730 935 2781 pastor
954 2726 1007 2767 de
1026 2725 1352 2781 Annaghduffe.

321 2782 359 2824 F
361 2798 488 2838 ergus
509 2782 649 2833 Keon,
671 2788 818 2839 pastor
838 2783 891 2825 de
911 2782 1177 2825 Killtubrad.

321 2840 567 2882 Bernardus
587 2841 833 2897 Duigenan,
855 2845 1001 2897 pastor
1020 2841 1072 2883 de
1095 2841 1266 2885 Cloone.
