1887 3188
255 108 339 149 144
793 116 976 144 nloCEsE
1007 116 1062 144 or
1093 114 1283 145 ARDAGH

253 239 307 266 ex
341 220 500 264 litteris
545 236 645 262 suae
689 218 988 261 Excellentiae
1018 217 1073 258 ad
1112 215 1338 258 Praelatos
1365 215 1414 257 in
1446 216 1604 273 oppido
1625 216 1810 260 Jacobo-

250 281 442 337 politano
463 283 748 334 congregatos
770 276 955 319 secundo
976 275 1047 316 die
1079 274 1276 329 Augusti
1303 273 1428 324 datis,
1459 280 1502 316 et
1535 275 1683 316 audita
1705 282 1807 318 sunt

251 354 361 394 quae
396 336 650 379 exciderunt
689 335 756 377 illi
785 335 919 377 verba
969 333 1111 389 quoad
1152 346 1338 387 quorum
1370 331 1471 373 dam
1505 331 1806 377 Praelatorum

249 410 452 453 personas
471 394 723 451 periculosa.

336 454 411 495 11Ο
442 452 528 494 Sua
557 450 829 495 Excellentia
859 448 1059 505 exposuit
1098 446 1226 503 Regi,
1259 447 1468 502 quasdam
1501 447 1637 505 hujus
1672 450 1805 506 regni

244 517 388 568 partes
411 514 540 567 (quae
560 514 706 552 tamen
727 508 900 551 omnino
921 507 967 548 id
987 522 1011 548 a
1033 521 1076 548 se
1108 505 1383 547 commissum
1401 510 1580 560 negant)
1603 506 1796 551 debitam

243 570 422 612 minime
460 574 678 625 praestare
717 565 1007 609 obedientiam
1039 568 1082 605 et
1111 563 1193 605 hoc
1227 562 1355 604 modo
1386 563 1577 606 obtinuit
1608 579 1634 606 a
1669 565 1795 622 Rege

245 628 413 670 litteras
434 626 591 684 quibus
623 638 872 681 expressum
892 622 991 673 fuit,
1014 627 1064 663 ut
1086 621 1122 662 si
1157 621 1258 662 talis
1289 620 1584 664 inobedientia
1611 622 1799 666 ulterius

242 691 487 742 augeretur,
511 699 632 726 suam
651 684 743 739 ipse
777 682 944 724 Prorex
974 694 1202 736 personam
1224 683 1267 721 et
1288 678 1455 734 regiam
1482 680 1792 724 authoritatem

243 745 514 786 subtraheret
549 747 592 784 et
627 740 834 798 populum
865 737 1073 781 beneficio
1108 737 1228 793 pacis
1265 752 1452 779 vacuum
1474 742 1518 779 et
1539 738 1798 782 destitutum

241 802 531 857 reh'nqueret:
564 800 645 841 hoc
676 799 813 840 silicet
843 797 1084 853 praemium
1111 810 1166 836 ex
1198 794 1366 836 invidia
1398 810 1502 851 erga
1525 795 1798 840 Catholicam

244 865 288 902 et
319 860 572 902 fidissimam
603 857 825 898 nationem
858 870 883 896 a
916 869 992 896 sua
1026 852 1301 895 Excellentia
1332 868 1565 909 repensum
1598 854 1688 897 fuit
1719 871 1800 912 pro

241 922 388 961 nostra
408 917 616 959 fidelitate
638 920 679 956 et
700 913 955 962 obedientia,
979 927 1109 967 quam
1143 911 1356 953 bonorum
1374 912 1548 969 jactura
1568 913 1674 955 satis
1695 929 1796 970 pro-

241 976 438 1019 bavimus
460 980 503 1017 et
525 973 748 1029 sanguinis
761 971 1011 1028 profusione
1032 969 1312 1026 signavimus.

300 1035 375 1076 12Ο
407 1033 493 1076 Sua
511 1030 784 1073 Excellentia
805 1034 848 1071 et
870 1029 979 1071 Caro
999 1027 1324 1084 Insequinniae,
1348 1027 1453 1068 dum
1471 1027 1798 1072 Catholicorum

240 1097 380 1134 essent
400 1092 556 1140 hostes,
580 1093 702 1131 erant
722 1087 848 1130 valde
869 1086 1048 1129 excitati
1076 1090 1120 1128 et
1151 1085 1291 1127 multa
1312 1085 1542 1128 adversum
1560 1102 1641 1129 nos
1660 1088 1795 1131 nimis

238 1149 535 1192 inhumaniter
555 1151 796 1204 patrarunt,
820 1161 868 1187 ac
900 1144 1197 1187 innocentium
1231 1148 1275 1186 et
1305 1143 1562 1186 miserorum
1593 1147 1786 1189 sacerdo-

236 1215 332 1249 tum
381 1213 510 1262 atque
560 1205 743 1247 aliorum
806 1202 1206 1245 Ecclesiasticorum
1259 1201 1516 1258 sanguinem
1565 1202 1792 1247 fuderunt.

234 1266 401 1308 Verum
411 1265 492 1307 hac
504 1279 608 1320 pace
621 1262 831 1312 conclusa,
839 1261 1019 1303 minime
1030 1261 1152 1302 suere
1166 1259 1304 1302 seduli
1316 1275 1364 1301 ac
1376 1260 1560 1312 nervosi,
1575 1261 1788 1317 siquidem

233 1324 519 1380 plurimorum
537 1321 752 1363 mensium
772 1320 910 1376 spatio
929 1320 1137 1361 vixerunt
1166 1318 1214 1360 in
1245 1318 1462 1360 Connacia
1491 1324 1535 1361 et
1564 1319 1788 1363 Momonia

234 1383 282 1424 in
316 1382 435 1433 locis,
468 1381 624 1436 quibus
654 1379 827 1421 nullum
857 1377 1101 1434 periculum
1135 1376 1394 1427 immineret,
1428 1376 1662 1434 nullusque
1697 1385 1792 1421 erat

233 1440 394 1492 hostis3
428 1439 505 1481 ubi
525 1439 616 1480 dies
638 1453 735 1479 suos
766 1437 982 1478 ducebant
1017 1435 1180 1492 (prouti
1209 1450 1234 1476 a
1263 1434 1463 1490 pluribus
1491 1437 1708 1493 notatum)
1742 1437 1790 1480 in

235 1499 364 1549 ludis,
386 1497 694 1553 voluptatibus,
718 1495 838 1549 jocis,
863 1499 905 1536 et
926 1494 1078 1550 epulis,
1102 1494 1207 1535 dum
1228 1493 1333 1534 alias
1362 1493 1489 1549 regni
1517 1499 1662 1550 partes
1692 1510 1790 1537 cru-

236 1557 389 1598 deliter
409 1561 452 1598 et
474 1555 620 1597 sedulo
642 1554 866 1596 invaderet
887 1557 930 1594 et
955 1553 1217 1608 opprimeret
1245 1551 1394 1602 hostis,
1427 1566 1513 1607 quo
1542 1552 1709 1594 factum
1738 1559 1789 1596 ut

233 1615 367 1670 Vulgo
389 1614 682 1656 existimatum
701 1612 836 1654 fuerit
855 1611 969 1667 ipsos
989 1626 1078 1652 non
1097 1610 1286 1651 multum
1306 1624 1474 1651 curasse
1490 1615 1565 1652 aut
1586 1611 1787 1663 doluisse,

235 1674 351 1729 qucd
371 1687 555 1728 regnum
570 1680 675 1712 suae
696 1670 788 1726 Maj
796 1669 923 1711 estati
943 1669 1182 1725 eriperetur
1203 1672 1246 1709 et
1265 1668 1531 1724 perderetur.

325 1731 411 1773 13³.
444 1730 530 1772 Sua
549 1729 833 1778 Excellentia,
866 1728 993 1769 rebus
1022 1741 1224 1783 prospere
1256 1726 1594 1777 succedentibus,
1627 1727 1786 1783 oppida.

233 1794 276 1832 et
315 1788 528 1844 praesidia
568 1793 692 1843 capta
733 1786 1105 1828 Gubernatoribus
1145 1784 1506 1835 Protestantibus,
1546 1800 1636 1826 non
1681 1801 1786 1828 vero

234 1848 486 1896 Catholices,
510 1845 723 1887 commisit
759 1850 802 1886 et
837 1844 1031 1885 credidit.
1065 1843 1274 1885 nimirum
1308 1842 1619 1898 Vadipontum,
1656 1843 1783 1886 Dun-

231 1906 417 1956 dalkam,
440 1904 634 1946 Trimian
649 1908 692 1945 et
707 1903 790 1944 alia
801 1903 906 1944 loca.
971 1902 1066 1949 Qua
1078 1901 1196 1943 illius
1212 1901 1264 1942 de
1282 1899 1516 1943 Catholicis
1528 1901 1781 1953 diffidentia,

229 1964 410 2019 aliisque
431 1962 670 2004 actionibus
691 1977 739 2003 ac
759 1960 930 2002 indiciis
950 1960 1117 2002 factum
1137 1965 1214 2010 est,
1229 1963 1279 2000 ut
1295 1959 1510 2000 exercitus
1531 1959 1781 2003 Catholicus

231 2022 423 2063 animum
443 2021 497 2062 ad
516 2020 801 2076 pugnandum
833 2019 1041 2075 abjecerit
1076 2022 1120 2060 et
1155 2017 1208 2059 ab
1239 2016 1358 2059 illius
1391 2016 1574 2073 imPfflio
1606 2032 1783 2061 aversus

231 2080 377 2122 fuerit.
439 2079 669 2120 Praeterea
688 2077 876 2119 multum
888 2077 1100 2118 timebant
1115 2075 1328 2118 Catholici
1339 2075 1500 2117 milites
1512 2091 1567 2117 ne
1582 2075 1782 2118 futurum

233 2143 343 2180 esset
374 2142 424 2179 ut
465 2136 677 2179 Catholici
712 2135 874 2178 subditi
905 2140 948 2177 et
987 2134 1162 2191 Religio
1203 2133 1443 2176 orthodoxa
1475 2133 1524 2175 in
1552 2133 1785 2190 pristinam

229 2197 497 2252 redigeretur
510 2195 763 2237 servitutem
784 2194 819 2236 si
838 2193 1034 2235 hostibus
1055 2193 1129 2235 iHe
1148 2191 1472 2248 praevaluisset,
1486 2192 1617 2248 idque
1636 2191 1780 2248 ipsum

230 2253 531 2304 Commissarii‚
565 2253 636 2295 vel
669 2258 782 2294 certe
813 2251 1003 2294 maxima
1033 2251 1210 2293 illorum
1240 2265 1353 2306 parS,
1376 2250 1536 2306 aliique
1564 2250 1612 2291 in
1641 2265 1783 2307 regno

224 2313 410 2369 plurime
429 2312 691 2353 metuebant.

315 2371 402 2412 140.
434 2369 561 2412 Nihil
580 2370 652 2410 hic
673 2368 854 2410 dicimus
874 2368 927 2409 de
946 2367 1097 2409 multis
1118 2366 1372 2424 corruptelis
1392 2370 1436 2408 et
1447 2365 1624 2424 injuriis
1639 2381 1777 2423 regno

225 2428 371 2479 illatis,
389 2428 536 2484 quales
558 2432 658 2469 sunt
673 2426 926 2468 traditiones
948 2428 1220 2468 custodiarum
1237 2426 1304 2480 (ut
1318 2425 1492 2480 vocant)
1512 2429 1556 2466 et
1567 2423 1775 2476 locorum,

224 2486 272 2528 in
292 2487 448 2542 quibus
467 2485 702 2527 Abbatiam
723 2485 775 2526 de
795 2484 1080 2540 Tristernagh
1100 2484 1441 2541 quadringentas
1456 2482 1627 2525 circiter
1641 2482 1775 2525 libras

226 2560 390 2587 annuas
409 2559 488 2600 pro
509 2559 639 2587 censu
658 2543 911 2585 afferentem
930 2542 1111 2584 tradidit
1138 2541 1375 2584 Secretario
1405 2541 1537 2591 Lamo,
1558 2555 1638 2597 pro
1668 2556 1777 2597 qua-

225 2603 427 2658 draginta
446 2602 545 2657 plus
574 2601 717 2642 minus
745 2601 868 2642 libris
898 2600 1067 2652 annuis,
1100 2605 1144 2642 et
1169 2600 1345 2642 Danieli
1375 2598 1560 2641 O'Nello
1591 2598 1775 2655 aliisque

222 2661 360 2702 multa
393 2660 498 2702 talia
526 2659 620 2702 loca
649 2659 782 2701 simili
812 2658 1020 2702 concessit
1050 2658 1296 2701 conditione
1335 2657 1384 2700 in
1414 2656 1569 2700 aerarii
1606 2657 1772 2714 publici

221 2718 548 2775 praejudicium.

282 2776 369 2818 150.
401 2776 681 2818 Declaramus
701 2774 935 2818 Catholicis
954 2774 1082 2832 regni
1100 2774 1265 2826 incolis,
1286 2774 1514 2830 plerasque
1534 2772 1588 2815 de
1614 2771 1774 2829 quibus

222 2833 429 2877 hactenus
449 2838 594 2876 actum
613 2838 690 2885 est,
712 2848 933 2889 pressuras
964 2838 1006 2876 et
1026 2833 1144 2890 pacis
1163 2832 1419 2876 violationes
1439 2831 1574 2875 fuisse
1604 2830 1772 2874 oblatas
