<?xml version="1.0" encoding="UTF-8"?>
<!DOCTYPE html PUBLIC "-//W3C//DTD XHTML 1.0 Transitional//EN"
    "http://www.w3.org/TR/xhtml1/DTD/xhtml1-transitional.dtd">
<html xmlns="http://www.w3.org/1999/xhtml" xml:lang="en" lang="en">
 <head>
  <title>
</title>
<meta http-equiv="Content-Type" content="text/html;charset=utf-8" />
  <meta name='ocr-system' content='tesseract 3.04.00' />
  <meta name='ocr-capabilities' content='ocr_page ocr_carea ocr_par ocr_line ocrx_word'/>
</head>
<body>
  <div class='ocr_page' id='page_1' title='image "./recordsrelatingt00mona_0126.png"; bbox 0 0 1887 3188; ppageno 0'>
   <div class='ocr_carea' id='block_1_1' title="bbox 249 116 1276 160">
    <p class='ocr_par' dir='ltr' id='par_1_1' title="bbox 249 116 1276 160">
     <span class='ocr_line' id='line_1_1' title="bbox 249 116 1276 160; baseline 0.001 -3"><span class='ocrx_word' id='word_1_1' title='bbox 249 116 336 158; x_wconf 89' lang='grc'>106</span> <span class='ocrx_word' id='word_1_2' title='bbox 777 130 959 160; x_wconf 80' lang='lat' dir='ltr'>mocESE</span> <span class='ocrx_word' id='word_1_3' title='bbox 989 130 1043 159; x_wconf 79' lang='lat' dir='ltr'>OF</span> <span class='ocrx_word' id='word_1_4' title='bbox 1074 130 1276 158; x_wconf 78' lang='lat' dir='ltr'><strong>ARDAGH.</strong></span> 
     </span>
    </p>
   </div>
   <div class='ocr_carea' id='block_1_2' title="bbox 248 230 1812 370">
    <p class='ocr_par' dir='ltr' id='par_1_2' title="bbox 248 230 1812 370">
     <span class='ocr_line' id='line_1_2' title="bbox 248 230 1812 289; baseline -0.001 -16"><span class='ocrx_word' id='word_1_5' title='bbox 248 232 400 274; x_wconf 80' lang='lat' dir='ltr'>Letter</span> <span class='ocrx_word' id='word_1_6' title='bbox 421 232 467 274; x_wconf 81' lang='lat' dir='ltr'>of</span> <span class='ocrx_word' id='word_1_7' title='bbox 487 233 562 275; x_wconf 88' lang='lat' dir='ltr'>the</span> <span class='ocrx_word' id='word_1_8' title='bbox 582 233 770 289; x_wconf 87' lang='lat' dir='ltr'>Bishops</span> <span class='ocrx_word' id='word_1_9' title='bbox 791 233 1029 275; x_wconf 91' lang='lat' dir='ltr'>assembled</span> <span class='ocrx_word' id='word_1_10' title='bbox 1049 238 1094 275; x_wconf 91' lang='lat' dir='ltr'>at</span> <span class='ocrx_word' id='word_1_11' title='bbox 1115 231 1440 275; x_wconf 85' lang='lat' dir='ltr'>Clonmacnoise</span> <span class='ocrx_word' id='word_1_12' title='bbox 1462 231 1603 273; x_wconf 79' lang='lat' dir='ltr'>tothe</span> <span class='ocrx_word' id='word_1_13' title='bbox 1628 231 1672 273; x_wconf 87' lang='lat' dir='ltr'>N</span> <span class='ocrx_word' id='word_1_14' title='bbox 1677 230 1812 273; x_wconf 67' lang='lat' dir='ltr'>unzio</span> 
     </span>
     <span class='ocr_line' id='line_1_3' title="bbox 619 317 1419 370; baseline -0.003 -10"><span class='ocrx_word' id='word_1_15' title='bbox 619 318 865 370; x_wconf 87' lang='lat' dir='ltr'>Rinuccini,</span> <span class='ocrx_word' id='word_1_16' title='bbox 891 318 998 361; x_wconf 76' lang='lat' dir='ltr'>13th</span> <span class='ocrx_word' id='word_1_17' title='bbox 1018 317 1419 370; x_wconf 85' lang='lat' dir='ltr'>December‚·1649.</span> 
     </span>
    </p>
   </div>
   <div class='ocr_carea' id='block_1_3' title="bbox 248 430 794 474">
    <p class='ocr_par' dir='ltr' id='par_1_3' title="bbox 248 430 794 474">
     <span class='ocr_line' id='line_1_4' title="bbox 248 430 794 474; baseline 0.005 -3"><span class='ocrx_word' id='word_1_18' title='bbox 248 430 392 473; x_wconf 84' lang='lat' dir='ltr'>Illme.</span> <span class='ocrx_word' id='word_1_19' title='bbox 418 436 461 473; x_wconf 92' lang='lat' dir='ltr'>et</span> <span class='ocrx_word' id='word_1_20' title='bbox 481 431 659 474; x_wconf 86' lang='lat' dir='ltr'>Revme.</span> <span class='ocrx_word' id='word_1_21' title='bbox 683 432 794 474; x_wconf 91' lang='lat' dir='ltr'>Dne.</span> 
     </span>
    </p>
   </div>
   <div class='ocr_carea' id='block_1_4' title="bbox 245 516 1812 1487">
    <p class='ocr_par' dir='ltr' id='par_1_4' title="bbox 245 516 1812 1485">
     <span class='ocr_line' id='line_1_5' title="bbox 428 516 1812 574; baseline 0.001 -15"><span class='ocrx_word' id='word_1_22' title='bbox 428 517 536 559; x_wconf 86' lang='lat' dir='ltr'>Tam</span> <span class='ocrx_word' id='word_1_23' title='bbox 555 517 787 560; x_wconf 90' lang='lat' dir='ltr'>vehemens</span> <span class='ocrx_word' id='word_1_24' title='bbox 806 517 888 560; x_wconf 89' lang='lat' dir='ltr'>hac</span> <span class='ocrx_word' id='word_1_25' title='bbox 922 522 1178 574; x_wconf 74' lang='lat' dir='ltr'>tempestate</span> <span class='ocrx_word' id='word_1_26' title='bbox 1212 517 1325 559; x_wconf 90' lang='lat' dir='ltr'>hanc</span> <span class='ocrx_word' id='word_1_27' title='bbox 1356 516 1542 573; x_wconf 89' lang='lat' dir='ltr'>patriam</span> <span class='ocrx_word' id='word_1_28' title='bbox 1572 516 1812 561; x_wconf 72' lang='lat' dir='ltr'>inundavit</span> 
     </span>
     <span class='ocr_line' id='line_1_6' title="bbox 251 574 1801 632; baseline -0.001 -16"><span class='ocrx_word' id='word_1_29' title='bbox 251 574 466 616; x_wconf 90' lang='lat' dir='ltr'>malorum</span> <span class='ocrx_word' id='word_1_30' title='bbox 486 580 667 626; x_wconf 89' lang='lat' dir='ltr'>torrens,</span> <span class='ocrx_word' id='word_1_31' title='bbox 685 576 801 618; x_wconf 77' lang='lat' dir='ltr'>fame</span> <span class='ocrx_word' id='word_1_32' title='bbox 821 576 1088 632; x_wconf 81' lang='lat' dir='ltr'>pedetentim</span> <span class='ocrx_word' id='word_1_33' title='bbox 1109 576 1355 631; x_wconf 82' lang='lat' dir='ltr'>ingruente,</span> <span class='ocrx_word' id='word_1_34' title='bbox 1377 579 1498 631; x_wconf 91' lang='lat' dir='ltr'>peste</span> <span class='ocrx_word' id='word_1_35' title='bbox 1518 578 1742 630; x_wconf 81' lang='lat' dir='ltr'>grassante</span> <span class='ocrx_word' id='word_1_36' title='bbox 1758 579 1801 616; x_wconf 89' lang='lat' dir='ltr'>et</span> 
     </span>
     <span class='ocr_line' id='line_1_7' title="bbox 250 631 1806 690; baseline -0.001 -16"><span class='ocrx_word' id='word_1_37' title='bbox 250 632 378 675; x_wconf 86' lang='lat' dir='ltr'>Bello</span> <span class='ocrx_word' id='word_1_38' title='bbox 410 633 555 675; x_wconf 90' lang='lat' dir='ltr'>omnia</span> <span class='ocrx_word' id='word_1_39' title='bbox 583 638 793 685; x_wconf 86' lang='lat' dir='ltr'>vastante,</span> <span class='ocrx_word' id='word_1_40' title='bbox 821 649 899 690; x_wconf 91' lang='lat' dir='ltr'>per</span> <span class='ocrx_word' id='word_1_41' title='bbox 913 634 1110 675; x_wconf 88' lang='lat' dir='ltr'>illuviem</span> <span class='ocrx_word' id='word_1_42' title='bbox 1140 633 1438 675; x_wconf 88' lang='lat' dir='ltr'>Puritanicam</span> <span class='ocrx_word' id='word_1_43' title='bbox 1473 647 1604 688; x_wconf 87' lang='lat' dir='ltr'>quam</span> <span class='ocrx_word' id='word_1_44' title='bbox 1635 631 1806 688; x_wconf 85' lang='lat' dir='ltr'>Anglia</span> 
     </span>
     <span class='ocr_line' id='line_1_8' title="bbox 251 691 1800 747; baseline 0 -16"><span class='ocrx_word' id='word_1_45' title='bbox 251 705 391 747; x_wconf 86' lang='lat' dir='ltr'>nuper</span> <span class='ocrx_word' id='word_1_46' title='bbox 410 691 454 734; x_wconf 91' lang='lat' dir='ltr'>in</span> <span class='ocrx_word' id='word_1_47' title='bbox 483 696 652 733; x_wconf 84' lang='lat' dir='ltr'>nostras</span> <span class='ocrx_word' id='word_1_48' title='bbox 672 707 767 734; x_wconf 90' lang='lat' dir='ltr'>oras</span> <span class='ocrx_word' id='word_1_49' title='bbox 788 692 979 734; x_wconf 90' lang='lat' dir='ltr'>evomuit</span> <span class='ocrx_word' id='word_1_50' title='bbox 1013 697 1161 747; x_wconf 88' lang='lat' dir='ltr'>aperto</span> <span class='ocrx_word' id='word_1_51' title='bbox 1182 707 1255 734; x_wconf 92' lang='lat' dir='ltr'>ore</span> <span class='ocrx_word' id='word_1_52' title='bbox 1289 691 1451 746; x_wconf 89' lang='lat' dir='ltr'>ubique</span> <span class='ocrx_word' id='word_1_53' title='bbox 1486 696 1800 746; x_wconf 77' lang='lat' dir='ltr'>protestantem</span> 
     </span>
     <span class='ocr_line' id='line_1_9' title="bbox 251 748 1805 806; baseline 0 -17"><span class='ocrx_word' id='word_1_54' title='bbox 251 748 412 790; x_wconf 87' lang='lat' dir='ltr'>Missae</span> <span class='ocrx_word' id='word_1_55' title='bbox 452 750 708 792; x_wconf 82' lang='lat' dir='ltr'>exercitium</span> <span class='ocrx_word' id='word_1_56' title='bbox 757 750 916 792; x_wconf 88' lang='lat' dir='ltr'>nullibi</span> <span class='ocrx_word' id='word_1_57' title='bbox 962 750 1219 806; x_wconf 89' lang='lat' dir='ltr'>permissum</span> <span class='ocrx_word' id='word_1_58' title='bbox 1255 749 1310 791; x_wconf 91' lang='lat' dir='ltr'>iri</span> <span class='ocrx_word' id='word_1_59' title='bbox 1346 749 1422 791; x_wconf 89' lang='lat' dir='ltr'>ubi</span> <span class='ocrx_word' id='word_1_60' title='bbox 1457 748 1805 790; x_wconf 86' lang='lat' dir='ltr'>Parliamentum</span> 
     </span>
     <span class='ocr_line' id='line_1_10' title="bbox 249 805 1802 863; baseline -0.001 -15"><span class='ocrx_word' id='word_1_61' title='bbox 249 805 441 859; x_wconf 80' lang='lat' dir='ltr'>Angliae</span> <span class='ocrx_word' id='word_1_62' title='bbox 461 807 652 863; x_wconf 88' lang='lat' dir='ltr'>potietur</span> <span class='ocrx_word' id='word_1_63' title='bbox 672 823 829 859; x_wconf 89' lang='lat' dir='ltr'>rerum,</span> <span class='ocrx_word' id='word_1_64' title='bbox 862 812 912 849; x_wconf 91' lang='lat' dir='ltr'>ut</span> <span class='ocrx_word' id='word_1_65' title='bbox 931 823 1020 849; x_wconf 93' lang='lat' dir='ltr'>non</span> <span class='ocrx_word' id='word_1_66' title='bbox 1040 808 1311 850; x_wconf 84' lang='lat' dir='ltr'>obstantibus</span> <span class='ocrx_word' id='word_1_67' title='bbox 1339 807 1597 863; x_wconf 89' lang='lat' dir='ltr'>quibusdam</span> <span class='ocrx_word' id='word_1_68' title='bbox 1618 806 1802 848; x_wconf 87' lang='lat' dir='ltr'>antehac</span> 
     </span>
     <span class='ocr_line' id='line_1_11' title="bbox 253 864 1803 922; baseline 0 -17"><span class='ocrx_word' id='word_1_69' title='bbox 253 864 473 906; x_wconf 89' lang='lat' dir='ltr'>distantiis</span> <span class='ocrx_word' id='word_1_70' title='bbox 492 866 608 907; x_wconf 89' lang='lat' dir='ltr'>inter</span> <span class='ocrx_word' id='word_1_71' title='bbox 628 881 706 907; x_wconf 91' lang='lat' dir='ltr'>nos</span> <span class='ocrx_word' id='word_1_72' title='bbox 725 865 877 922; x_wconf 87' lang='lat' dir='ltr'>positis</span> <span class='ocrx_word' id='word_1_73' title='bbox 897 866 1163 907; x_wconf 87' lang='lat' dir='ltr'>unanimiter</span> <span class='ocrx_word' id='word_1_74' title='bbox 1178 881 1325 907; x_wconf 92' lang='lat' dir='ltr'>omnes</span> <span class='ocrx_word' id='word_1_75' title='bbox 1338 872 1532 907; x_wconf 82' lang='lat' dir='ltr'>extrema</span> <span class='ocrx_word' id='word_1_76' title='bbox 1547 864 1803 906; x_wconf 81' lang='lat' dir='ltr'>necessitate</span> 
     </span>
     <span class='ocr_line' id='line_1_12' title="bbox 250 922 1800 979; baseline -0.001 -15"><span class='ocrx_word' id='word_1_77' title='bbox 250 923 388 965; x_wconf 91' lang='lat' dir='ltr'>coacti</span> <span class='ocrx_word' id='word_1_78' title='bbox 408 923 532 965; x_wconf 88' lang='lat' dir='ltr'>nobis</span> <span class='ocrx_word' id='word_1_79' title='bbox 552 939 705 979; x_wconf 87' lang='lat' dir='ltr'>operae</span> <span class='ocrx_word' id='word_1_80' title='bbox 725 926 915 979; x_wconf 89' lang='lat' dir='ltr'>pretium</span> <span class='ocrx_word' id='word_1_81' title='bbox 936 923 1187 965; x_wconf 81' lang='lat' dir='ltr'>duxerimus</span> <span class='ocrx_word' id='word_1_82' title='bbox 1206 928 1375 966; x_wconf 84' lang='lat' dir='ltr'>nostras</span> <span class='ocrx_word' id='word_1_83' title='bbox 1405 923 1598 965; x_wconf 91' lang='lat' dir='ltr'>omnium</span> <span class='ocrx_word' id='word_1_84' title='bbox 1619 922 1733 964; x_wconf 87' lang='lat' dir='ltr'>vires</span> <span class='ocrx_word' id='word_1_85' title='bbox 1753 922 1800 963; x_wconf 89' lang='lat' dir='ltr'>in</span> 
     </span>
     <span class='ocr_line' id='line_1_13' title="bbox 255 980 1809 1038; baseline 0.001 -17"><span class='ocrx_word' id='word_1_86' title='bbox 255 996 391 1022; x_wconf 90' lang='lat' dir='ltr'>unum</span> <span class='ocrx_word' id='word_1_87' title='bbox 413 981 680 1037; x_wconf 87' lang='lat' dir='ltr'>conjungere</span> <span class='ocrx_word' id='word_1_88' title='bbox 701 982 755 1023; x_wconf 90' lang='lat' dir='ltr'>ad</span> <span class='ocrx_word' id='word_1_89' title='bbox 776 996 1067 1037; x_wconf 89' lang='lat' dir='ltr'>quoscumque</span> <span class='ocrx_word' id='word_1_90' title='bbox 1087 982 1319 1023; x_wconf 91' lang='lat' dir='ltr'>movendos</span> <span class='ocrx_word' id='word_1_91' title='bbox 1349 981 1513 1038; x_wconf 89' lang='lat' dir='ltr'>lapides</span> <span class='ocrx_word' id='word_1_92' title='bbox 1533 986 1583 1022; x_wconf 92' lang='lat' dir='ltr'>ut</span> <span class='ocrx_word' id='word_1_93' title='bbox 1604 980 1732 1022; x_wconf 88' lang='lat' dir='ltr'>citius</span> <span class='ocrx_word' id='word_1_94' title='bbox 1752 995 1809 1022; x_wconf 89' lang='lat' dir='ltr'>ac·</span> 
     </span>
     <span class='ocr_line' id='line_1_14' title="bbox 252 1038 1799 1095; baseline -0.001 -15"><span class='ocrx_word' id='word_1_95' title='bbox 252 1038 408 1080; x_wconf 90' lang='lat' dir='ltr'>melius</span> <span class='ocrx_word' id='word_1_96' title='bbox 429 1039 543 1081; x_wconf 84' lang='lat' dir='ltr'>hosti</span> <span class='ocrx_word' id='word_1_97' title='bbox 564 1041 781 1081; x_wconf 88' lang='lat' dir='ltr'>communi</span> <span class='ocrx_word' id='word_1_98' title='bbox 798 1040 1016 1081; x_wconf 87' lang='lat' dir='ltr'>valeamus</span> <span class='ocrx_word' id='word_1_99' title='bbox 1032 1040 1242 1082; x_wconf 76' lang='lat' dir='ltr'>resistere.</span> <span class='ocrx_word' id='word_1_100' title='bbox 1307 1039 1450 1087; x_wconf 76' lang='lat' dir='ltr'>Quare</span> <span class='ocrx_word' id='word_1_101' title='bbox 1462 1040 1509 1080; x_wconf 92' lang='lat' dir='ltr'>in</span> <span class='ocrx_word' id='word_1_102' title='bbox 1529 1045 1721 1095; x_wconf 89' lang='lat' dir='ltr'>paterna.</span> <span class='ocrx_word' id='word_1_103' title='bbox 1743 1038 1799 1079; x_wconf 89' lang='lat' dir='ltr'>V.</span> 
     </span>
     <span class='ocr_line' id='line_1_15' title="bbox 252 1096 1804 1153; baseline 0.001 -16"><span class='ocrx_word' id='word_1_104' title='bbox 252 1096 423 1138; x_wconf 85' lang='lat' dir='ltr'>Illmae.</span> <span class='ocrx_word' id='word_1_105' title='bbox 473 1097 599 1138; x_wconf 88' lang='lat' dir='ltr'>Dnis.</span> <span class='ocrx_word' id='word_1_106' title='bbox 647 1113 749 1139; x_wconf 88' lang='lat' dir='ltr'>cura</span> <span class='ocrx_word' id='word_1_107' title='bbox 789 1113 893 1153; x_wconf 90' lang='lat' dir='ltr'>erga</span> <span class='ocrx_word' id='word_1_108' title='bbox 932 1113 1011 1139; x_wconf 89' lang='lat' dir='ltr'>nos</span> <span class='ocrx_word' id='word_1_109' title='bbox 1065 1098 1328 1140; x_wconf 89' lang='lat' dir='ltr'>confidentes</span> <span class='ocrx_word' id='word_1_110' title='bbox 1367 1112 1498 1153; x_wconf 89' lang='lat' dir='ltr'>quam</span> <span class='ocrx_word' id='word_1_111' title='bbox 1550 1096 1804 1153; x_wconf 85' lang='lat' dir='ltr'>suppliciter</span> 
     </span>
     <span class='ocr_line' id='line_1_16' title="bbox 248 1154 1811 1211; baseline 0.001 -16"><span class='ocrx_word' id='word_1_112' title='bbox 248 1169 451 1210; x_wconf 87' lang='lat' dir='ltr'>rogamus</span> <span class='ocrx_word' id='word_1_113' title='bbox 464 1160 514 1196; x_wconf 89' lang='lat' dir='ltr'>ut</span> <span class='ocrx_word' id='word_1_114' title='bbox 533 1160 631 1211; x_wconf 90' lang='lat' dir='ltr'>post</span> <span class='ocrx_word' id='word_1_115' title='bbox 650 1155 811 1197; x_wconf 89' lang='lat' dir='ltr'>habitis</span> <span class='ocrx_word' id='word_1_116' title='bbox 832 1155 1124 1211; x_wconf 79' lang='lat' dir='ltr'>oblivionique</span> <span class='ocrx_word' id='word_1_117' title='bbox 1140 1156 1313 1197; x_wconf 83' lang='lat' dir='ltr'>traditis</span> <span class='ocrx_word' id='word_1_118' title='bbox 1333 1155 1624 1198; x_wconf 90' lang='lat' dir='ltr'>occasionibus</span> <span class='ocrx_word' id='word_1_119' title='bbox 1644 1154 1811 1210; x_wconf 62' lang='lat' dir='ltr'>quibusr</span> 
     </span>
     <span class='ocr_line' id='line_1_17' title="bbox 246 1212 1798 1270; baseline 0.001 -17"><span class='ocrx_word' id='word_1_120' title='bbox 246 1212 377 1254; x_wconf 92' lang='lat' dir='ltr'>Dnio.</span> <span class='ocrx_word' id='word_1_121' title='bbox 414 1213 470 1255; x_wconf 92' lang='lat' dir='ltr'>V.</span> <span class='ocrx_word' id='word_1_122' title='bbox 497 1213 642 1254; x_wconf 89' lang='lat' dir='ltr'>Illma.</span> <span class='ocrx_word' id='word_1_123' title='bbox 680 1213 766 1255; x_wconf 89' lang='lat' dir='ltr'>huc</span> <span class='ocrx_word' id='word_1_124' title='bbox 790 1229 927 1269; x_wconf 90' lang='lat' dir='ltr'>usque</span> <span class='ocrx_word' id='word_1_125' title='bbox 954 1214 1119 1255; x_wconf 78' lang='lat' dir='ltr'>offensa</span> <span class='ocrx_word' id='word_1_126' title='bbox 1152 1214 1314 1265; x_wconf 81' lang='lat' dir='ltr'>existit,</span> <span class='ocrx_word' id='word_1_127' title='bbox 1351 1219 1620 1270; x_wconf 88' lang='lat' dir='ltr'>praesentem</span> <span class='ocrx_word' id='word_1_128' title='bbox 1652 1228 1798 1255; x_wconf 91' lang='lat' dir='ltr'>neces-</span> 
     </span>
     <span class='ocr_line' id='line_1_18' title="bbox 246 1270 1803 1328; baseline 0.001 -17"><span class='ocrx_word' id='word_1_129' title='bbox 246 1270 421 1312; x_wconf 86' lang='lat' dir='ltr'>sitatem</span> <span class='ocrx_word' id='word_1_130' title='bbox 453 1276 645 1312; x_wconf 89' lang='lat' dir='ltr'>nostram</span> <span class='ocrx_word' id='word_1_131' title='bbox 677 1272 731 1313; x_wconf 91' lang='lat' dir='ltr'>ob</span> <span class='ocrx_word' id='word_1_132' title='bbox 763 1272 907 1314; x_wconf 91' lang='lat' dir='ltr'>oculos</span> <span class='ocrx_word' id='word_1_133' title='bbox 943 1271 1082 1313; x_wconf 88' lang='lat' dir='ltr'>solum</span> <span class='ocrx_word' id='word_1_134' title='bbox 1114 1271 1291 1323; x_wconf 90' lang='lat' dir='ltr'>habens,</span> <span class='ocrx_word' id='word_1_135' title='bbox 1313 1271 1510 1328; x_wconf 89' lang='lat' dir='ltr'>Agentes</span> <span class='ocrx_word' id='word_1_136' title='bbox 1543 1287 1567 1313; x_wconf 90' lang='lat' dir='ltr'>a</span> <span class='ocrx_word' id='word_1_137' title='bbox 1593 1272 1718 1314; x_wconf 90' lang='lat' dir='ltr'>nobis</span> <span class='ocrx_word' id='word_1_138' title='bbox 1750 1286 1803 1313; x_wconf 90' lang='lat' dir='ltr'>eo</span> 
     </span>
     <span class='ocr_line' id='line_1_19' title="bbox 246 1328 1801 1387; baseline 0.001 -18"><span class='ocrx_word' id='word_1_139' title='bbox 246 1328 484 1371; x_wconf 90' lang='lat' dir='ltr'>destinatos</span> <span class='ocrx_word' id='word_1_140' title='bbox 505 1329 553 1371; x_wconf 91' lang='lat' dir='ltr'>in</span> <span class='ocrx_word' id='word_1_141' title='bbox 574 1329 661 1371; x_wconf 88' lang='lat' dir='ltr'>suis</span> <span class='ocrx_word' id='word_1_142' title='bbox 683 1329 930 1371; x_wconf 89' lang='lat' dir='ltr'>obtinendis</span> <span class='ocrx_word' id='word_1_143' title='bbox 949 1329 1232 1386; x_wconf 85' lang='lat' dir='ltr'>petitionibus</span> <span class='ocrx_word' id='word_1_144' title='bbox 1253 1345 1506 1387; x_wconf 85' lang='lat' dir='ltr'>promovere</span> <span class='ocrx_word' id='word_1_145' title='bbox 1527 1334 1570 1372; x_wconf 86' lang='lat' dir='ltr'>et</span> <span class='ocrx_word' id='word_1_146' title='bbox 1591 1330 1801 1386; x_wconf 84' lang='lat' dir='ltr'>adjuvare</span> 
     </span>
     <span class='ocr_line' id='line_1_20' title="bbox 245 1386 1812 1485; baseline 0.001 -58"><span class='ocrx_word' id='word_1_147' title='bbox 245 1386 469 1485; x_wconf 58' lang='lat' dir='ltr'>gignetur,</span> <span class='ocrx_word' id='word_1_148' title='bbox 487 1403 565 1443; x_wconf 90' lang='lat' dir='ltr'>pro</span> <span class='ocrx_word' id='word_1_149' title='bbox 588 1387 696 1439; x_wconf 86' lang='lat' dir='ltr'>Deo,</span> <span class='ocrx_word' id='word_1_150' title='bbox 714 1388 926 1444; x_wconf 87' lang='lat' dir='ltr'>religione</span> <span class='ocrx_word' id='word_1_151' title='bbox 946 1403 995 1430; x_wconf 90' lang='lat' dir='ltr'>ac</span> <span class='ocrx_word' id='word_1_152' title='bbox 1015 1388 1157 1444; x_wconf 87' lang='lat' dir='ltr'>patria</span> <span class='ocrx_word' id='word_1_153' title='bbox 1170 1393 1213 1431; x_wconf 90' lang='lat' dir='ltr'>et</span> <span class='ocrx_word' id='word_1_154' title='bbox 1228 1389 1291 1430; x_wconf 91' lang='lat' dir='ltr'>ita</span> <span class='ocrx_word' id='word_1_155' title='bbox 1307 1393 1469 1431; x_wconf 79' lang='lat' dir='ltr'>vestras</span> <span class='ocrx_word' id='word_1_156' title='bbox 1491 1403 1630 1431; x_wconf 89' lang='lat' dir='ltr'>sacras</span> <span class='ocrx_word' id='word_1_157' title='bbox 1649 1402 1812 1430; x_wconf 52' lang='lat' dir='ltr'>manus,</span> 
     </span>
    </p>

    <p class='ocr_par' dir='ltr' id='par_1_5' title="bbox 279 1445 557 1487">
     <span class='ocr_line' id='line_1_21' title="bbox 279 1445 557 1487; baseline 0 0"><span class='ocrx_word' id='word_1_158' title='bbox 279 1445 557 1487; x_wconf 89' lang='lat' dir='ltr'>eosculamur.</span> 
     </span>
    </p>
   </div>
   <div class='ocr_carea' id='block_1_5' title="bbox 828 1525 1501 1627">
    <p class='ocr_par' dir='ltr' id='par_1_6' title="bbox 828 1525 1501 1627">
     <span class='ocr_line' id='line_1_22' title="bbox 828 1525 1314 1569; baseline 0 -1"><span class='ocrx_word' id='word_1_159' title='bbox 828 1525 952 1569; x_wconf 87' lang='lat' dir='ltr'>Rme.</span> <span class='ocrx_word' id='word_1_160' title='bbox 975 1531 1018 1568; x_wconf 89' lang='lat' dir='ltr'>et</span> <span class='ocrx_word' id='word_1_161' title='bbox 1038 1526 1180 1568; x_wconf 90' lang='lat' dir='ltr'>Illme.</span> <span class='ocrx_word' id='word_1_162' title='bbox 1204 1527 1314 1568; x_wconf 91' lang='lat' dir='ltr'>Dne.</span> 
     </span>
     <span class='ocr_line' id='line_1_23' title="bbox 1004 1584 1501 1627; baseline 0 -1"><span class='ocrx_word' id='word_1_163' title='bbox 1004 1584 1386 1627; x_wconf 88' lang='lat' dir='ltr'>Observantissimi</span> <span class='ocrx_word' id='word_1_164' title='bbox 1407 1585 1501 1627; x_wconf 89' lang='lat' dir='ltr'>filii.</span> 
     </span>
    </p>
   </div>
   <div class='ocr_carea' id='block_1_6' title="bbox 332 1655 929 1713">
    <p class='ocr_par' dir='ltr' id='par_1_7' title="bbox 332 1655 929 1713">
     <span class='ocr_line' id='line_1_24' title="bbox 332 1655 929 1713; baseline 0 -15"><span class='ocrx_word' id='word_1_165' title='bbox 332 1655 403 1698; x_wconf 91' lang='lat' dir='ltr'>No</span> <span class='ocrx_word' id='word_1_166' title='bbox 425 1655 668 1711; x_wconf 88' lang='lat' dir='ltr'>signatures</span> <span class='ocrx_word' id='word_1_167' title='bbox 690 1671 762 1698; x_wconf 88' lang='lat' dir='ltr'>are</span> <span class='ocrx_word' id='word_1_168' title='bbox 784 1656 929 1713; x_wconf 88' lang='lat' dir='ltr'>given.</span> 
     </span>
    </p>
   </div>
   <div class='ocr_carea' id='block_1_7' title="bbox 270 1754 1756 1813">
    <p class='ocr_par' dir='ltr' id='par_1_8' title="bbox 270 1754 1756 1813">
     <span class='ocr_line' id='line_1_25' title="bbox 270 1754 1756 1813; baseline 0.001 -17"><span class='ocrx_word' id='word_1_169' title='bbox 270 1754 424 1797; x_wconf 88' lang='lat' dir='ltr'>Letter</span> <span class='ocrx_word' id='word_1_170' title='bbox 445 1755 491 1797; x_wconf 77' lang='lat' dir='ltr'>of</span> <span class='ocrx_word' id='word_1_171' title='bbox 512 1756 586 1798; x_wconf 89' lang='lat' dir='ltr'>the</span> <span class='ocrx_word' id='word_1_172' title='bbox 608 1755 775 1813; x_wconf 89' lang='lat' dir='ltr'>Bishop</span> <span class='ocrx_word' id='word_1_173' title='bbox 797 1755 843 1798; x_wconf 78' lang='lat' dir='ltr'>of</span> <span class='ocrx_word' id='word_1_174' title='bbox 865 1755 1201 1808; x_wconf 85' lang='lat' dir='ltr'>Olonmacnoise,</span> <span class='ocrx_word' id='word_1_175' title='bbox 1226 1756 1332 1798; x_wconf 80' lang='lat' dir='ltr'>17th</span> <span class='ocrx_word' id='word_1_176' title='bbox 1354 1756 1605 1807; x_wconf 88' lang='lat' dir='ltr'>December,</span> <span class='ocrx_word' id='word_1_177' title='bbox 1630 1756 1756 1799; x_wconf 78' lang='lat'><strong>1652.</strong></span> 
     </span>
    </p>
   </div>
   <div class='ocr_carea' id='block_1_8' title="bbox 231 1853 489 1897">
    <p class='ocr_par' dir='ltr' id='par_1_9' title="bbox 231 1853 489 1897">
     <span class='ocr_line' id='line_1_26' title="bbox 231 1853 489 1897; baseline 0.008 -2"><span class='ocrx_word' id='word_1_178' title='bbox 231 1853 353 1896; x_wconf 87' lang='lat' dir='ltr'>Illm.</span> <span class='ocrx_word' id='word_1_179' title='bbox 376 1854 489 1897; x_wconf 85' lang='lat' dir='ltr'>Dne.</span> 
     </span>
    </p>
   </div>
   <div class='ocr_carea' id='block_1_9' title="bbox 239 1926 1808 2912">
    <p class='ocr_par' dir='ltr' id='par_1_10' title="bbox 239 1926 1808 2912">
     <span class='ocr_line' id='line_1_27' title="bbox 419 1926 1808 1984; baseline 0.002 -17"><span class='ocrx_word' id='word_1_180' title='bbox 419 1926 594 1968; x_wconf 81' lang='lat' dir='ltr'>Alteras</span> <span class='ocrx_word' id='word_1_181' title='bbox 616 1931 716 1969; x_wconf 88' lang='lat' dir='ltr'>ante</span> <span class='ocrx_word' id='word_1_182' title='bbox 736 1927 814 1969; x_wconf 88' lang='lat' dir='ltr'>has</span> <span class='ocrx_word' id='word_1_183' title='bbox 836 1928 890 1969; x_wconf 91' lang='lat' dir='ltr'>ad</span> <span class='ocrx_word' id='word_1_184' title='bbox 903 1927 1092 1970; x_wconf 88' lang='lat' dir='ltr'>Illmam.</span> <span class='ocrx_word' id='word_1_185' title='bbox 1118 1928 1173 1970; x_wconf 92' lang='lat' dir='ltr'>D.</span> <span class='ocrx_word' id='word_1_186' title='bbox 1196 1928 1251 1970; x_wconf 91' lang='lat' dir='ltr'>V.</span> <span class='ocrx_word' id='word_1_187' title='bbox 1275 1928 1442 1970; x_wconf 86' lang='lat' dir='ltr'>litteras</span> <span class='ocrx_word' id='word_1_188' title='bbox 1456 1927 1554 1969; x_wconf 91' lang='lat' dir='ltr'>dedi</span> <span class='ocrx_word' id='word_1_189' title='bbox 1575 1928 1622 1969; x_wconf 91' lang='lat' dir='ltr'>in</span> <span class='ocrx_word' id='word_1_190' title='bbox 1643 1928 1808 1984; x_wconf 72' lang='lat' dir='ltr'>quibus·</span> 
     </span>
     <span class='ocr_line' id='line_1_28' title="bbox 243 1984 1801 2041; baseline 0.003 -17"><span class='ocrx_word' id='word_1_191' title='bbox 243 1998 376 2038; x_wconf 88' lang='lat' dir='ltr'>quam</span> <span class='ocrx_word' id='word_1_192' title='bbox 410 1984 601 2027; x_wconf 89' lang='lat' dir='ltr'>breviter</span> <span class='ocrx_word' id='word_1_193' title='bbox 634 1986 846 2028; x_wconf 87' lang='lat' dir='ltr'>rationem</span> <span class='ocrx_word' id='word_1_194' title='bbox 882 1987 1049 2028; x_wconf 85' lang='lat' dir='ltr'>reddidi</span> <span class='ocrx_word' id='word_1_195' title='bbox 1083 1987 1136 2028; x_wconf 94' lang='lat' dir='ltr'>de</span> <span class='ocrx_word' id='word_1_196' title='bbox 1170 1987 1344 2028; x_wconf 89' lang='lat' dir='ltr'>miseria</span> <span class='ocrx_word' id='word_1_197' title='bbox 1378 1986 1644 2041; x_wconf 81' lang='lat' dir='ltr'>Hyberniae‚</span> <span class='ocrx_word' id='word_1_198' title='bbox 1668 1991 1711 2028; x_wconf 90' lang='lat' dir='ltr'>et</span> <span class='ocrx_word' id='word_1_199' title='bbox 1742 2002 1801 2029; x_wconf 91' lang='lat' dir='ltr'>ne</span> 
     </span>
     <span class='ocr_line' id='line_1_29' title="bbox 242 2043 1796 2100; baseline 0.004 -18"><span class='ocrx_word' id='word_1_200' title='bbox 242 2044 424 2083; x_wconf 65' lang='lat' dir='ltr'>fortasse</span> <span class='ocrx_word' id='word_1_201' title='bbox 445 2043 499 2084; x_wconf 90' lang='lat' dir='ltr'>ad</span> <span class='ocrx_word' id='word_1_202' title='bbox 521 2058 673 2085; x_wconf 87' lang='lat' dir='ltr'>manus</span> <span class='ocrx_word' id='word_1_203' title='bbox 695 2059 835 2086; x_wconf 86' lang='lat' dir='ltr'>sacras</span> <span class='ocrx_word' id='word_1_204' title='bbox 855 2051 1020 2086; x_wconf 88' lang='lat' dir='ltr'>vestras</span> <span class='ocrx_word' id='word_1_205' title='bbox 1035 2060 1122 2086; x_wconf 89' lang='lat' dir='ltr'>non</span> <span class='ocrx_word' id='word_1_206' title='bbox 1136 2044 1425 2100; x_wconf 80' lang='lat' dir='ltr'>pervenerint,</span> <span class='ocrx_word' id='word_1_207' title='bbox 1444 2060 1539 2086; x_wconf 90' lang='lat' dir='ltr'>ecce</span> <span class='ocrx_word' id='word_1_208' title='bbox 1561 2045 1641 2086; x_wconf 90' lang='lat' dir='ltr'>tibi</span> <span class='ocrx_word' id='word_1_209' title='bbox 1659 2049 1796 2088; x_wconf 89' lang='lat' dir='ltr'>status</span> 
     </span>
     <span class='ocr_line' id='line_1_30' title="bbox 239 2100 1804 2158; baseline 0.003 -18"><span class='ocrx_word' id='word_1_210' title='bbox 239 2105 401 2141; x_wconf 88' lang='lat' dir='ltr'>noster.</span> <span class='ocrx_word' id='word_1_211' title='bbox 463 2100 686 2143; x_wconf 89' lang='lat' dir='ltr'>Haeretici</span> <span class='ocrx_word' id='word_1_212' title='bbox 701 2102 842 2158; x_wconf 90' lang='lat' dir='ltr'>Angli</span> <span class='ocrx_word' id='word_1_213' title='bbox 862 2108 1013 2144; x_wconf 90' lang='lat' dir='ltr'>tenent</span> <span class='ocrx_word' id='word_1_214' title='bbox 1033 2104 1176 2144; x_wconf 84' lang='lat' dir='ltr'>omnia</span> <span class='ocrx_word' id='word_1_215' title='bbox 1191 2110 1350 2144; x_wconf 90' lang='lat' dir='ltr'>nostra.</span> <span class='ocrx_word' id='word_1_216' title='bbox 1413 2102 1503 2144; x_wconf 79' lang='lat' dir='ltr'>Soli</span> <span class='ocrx_word' id='word_1_217' title='bbox 1519 2103 1804 2146; x_wconf 86' lang='lat' dir='ltr'>Ultonienses.</span> 
     </span>
     <span class='ocr_line' id='line_1_31' title="bbox 242 2158 1793 2216; baseline 0.003 -18"><span class='ocrx_word' id='word_1_218' title='bbox 242 2158 486 2200; x_wconf 91' lang='lat' dir='ltr'>cunctando</span> <span class='ocrx_word' id='word_1_219' title='bbox 507 2159 744 2201; x_wconf 87' lang='lat' dir='ltr'>restituunt</span> <span class='ocrx_word' id='word_1_220' title='bbox 765 2176 856 2202; x_wconf 87' lang='lat' dir='ltr'>rem</span> <span class='ocrx_word' id='word_1_221' title='bbox 877 2160 1132 2202; x_wconf 80' lang='lat' dir='ltr'>Statuerunt</span> <span class='ocrx_word' id='word_1_222' title='bbox 1157 2160 1332 2216; x_wconf 88' lang='lat' dir='ltr'>(Angli)</span> <span class='ocrx_word' id='word_1_223' title='bbox 1351 2176 1406 2202; x_wconf 91' lang='lat' dir='ltr'>ne</span> <span class='ocrx_word' id='word_1_224' title='bbox 1428 2161 1524 2215; x_wconf 88' lang='lat' dir='ltr'>quis</span> <span class='ocrx_word' id='word_1_225' title='bbox 1554 2160 1793 2204; x_wconf 87' lang='lat' dir='ltr'>Praelatus.</span> 
     </span>
     <span class='ocr_line' id='line_1_32' title="bbox 244 2215 1795 2275; baseline 0.003 -19"><span class='ocrx_word' id='word_1_226' title='bbox 244 2215 436 2257; x_wconf 87' lang='lat' dir='ltr'>Clericus</span> <span class='ocrx_word' id='word_1_227' title='bbox 450 2222 524 2258; x_wconf 90' lang='lat' dir='ltr'>aut</span> <span class='ocrx_word' id='word_1_228' title='bbox 537 2217 786 2273; x_wconf 86' lang='lat' dir='ltr'>Religiosus</span> <span class='ocrx_word' id='word_1_229' title='bbox 798 2218 919 2260; x_wconf 89' lang='lat' dir='ltr'>vivat</span> <span class='ocrx_word' id='word_1_230' title='bbox 935 2219 982 2260; x_wconf 91' lang='lat' dir='ltr'>in</span> <span class='ocrx_word' id='word_1_231' title='bbox 997 2219 1079 2260; x_wconf 84' lang='lat' dir='ltr'>ista</span> <span class='ocrx_word' id='word_1_232' title='bbox 1091 2219 1233 2274; x_wconf 88' lang='lat' dir='ltr'>patria</span> <span class='ocrx_word' id='word_1_233' title='bbox 1248 2219 1501 2275; x_wconf 88' lang='lat' dir='ltr'>praesertim</span> <span class='ocrx_word' id='word_1_234' title='bbox 1517 2219 1631 2260; x_wconf 90' lang='lat' dir='ltr'>ullus</span> <span class='ocrx_word' id='word_1_235' title='bbox 1648 2235 1795 2262; x_wconf 87' lang='lat' dir='ltr'>eorum</span> 
     </span>
     <span class='ocr_line' id='line_1_33' title="bbox 242 2273 1805 2332; baseline 0.003 -17"><span class='ocrx_word' id='word_1_236' title='bbox 242 2273 347 2327; x_wconf 84' lang='lat' dir='ltr'>quia</span> <span class='ocrx_word' id='word_1_237' title='bbox 382 2275 669 2316; x_wconf 89' lang='lat' dir='ltr'>adhaeserunt</span> <span class='ocrx_word' id='word_1_238' title='bbox 700 2276 828 2318; x_wconf 88' lang='lat' dir='ltr'>lateri</span> <span class='ocrx_word' id='word_1_239' title='bbox 862 2281 1005 2318; x_wconf 88' lang='lat' dir='ltr'>vestro</span> <span class='ocrx_word' id='word_1_240' title='bbox 1036 2292 1220 2331; x_wconf 89' lang='lat' dir='ltr'>quorum</span> <span class='ocrx_word' id='word_1_241' title='bbox 1254 2292 1366 2318; x_wconf 91' lang='lat' dir='ltr'>unus</span> <span class='ocrx_word' id='word_1_242' title='bbox 1399 2292 1479 2332; x_wconf 91' lang='lat' dir='ltr'>ego</span> <span class='ocrx_word' id='word_1_243' title='bbox 1514 2277 1669 2319; x_wconf 88' lang='lat' dir='ltr'>ultimo</span> <span class='ocrx_word' id='word_1_244' title='bbox 1703 2278 1805 2321; x_wconf 33' lang='lat' dir='ltr'>fere*</span> 
     </span>
     <span class='ocr_line' id='line_1_34' title="bbox 247 2332 1794 2390; baseline 0.004 -18"><span class='ocrx_word' id='word_1_245' title='bbox 247 2346 360 2373; x_wconf 82' lang='lat' dir='ltr'>anno</span> <span class='ocrx_word' id='word_1_246' title='bbox 381 2332 428 2373; x_wconf 89' lang='lat' dir='ltr'>in</span> <span class='ocrx_word' id='word_1_247' title='bbox 450 2332 594 2389; x_wconf 80' lang='lat' dir='ltr'>Sylvis</span> <span class='ocrx_word' id='word_1_248' title='bbox 614 2333 750 2375; x_wconf 87' lang='lat' dir='ltr'>vitam</span> <span class='ocrx_word' id='word_1_249' title='bbox 772 2334 885 2390; x_wconf 90' lang='lat' dir='ltr'>degi,</span> <span class='ocrx_word' id='word_1_250' title='bbox 909 2350 988 2377; x_wconf 87' lang='lat' dir='ltr'>nec</span> <span class='ocrx_word' id='word_1_251' title='bbox 1021 2339 1135 2376; x_wconf 78' lang='lat' dir='ltr'>tecta</span> <span class='ocrx_word' id='word_1_252' title='bbox 1156 2335 1300 2389; x_wconf 90' lang='lat' dir='ltr'>aliqua</span> <span class='ocrx_word' id='word_1_253' title='bbox 1335 2340 1411 2376; x_wconf 89' lang='lat' dir='ltr'>aut</span> <span class='ocrx_word' id='word_1_254' title='bbox 1432 2349 1526 2376; x_wconf 90' lang='lat' dir='ltr'>mea</span> <span class='ocrx_word' id='word_1_255' title='bbox 1547 2341 1622 2376; x_wconf 88' lang='lat' dir='ltr'>aut</span> <span class='ocrx_word' id='word_1_256' title='bbox 1654 2336 1794 2378; x_wconf 86' lang='lat' dir='ltr'>aliena</span> 
     </span>
     <span class='ocr_line' id='line_1_35' title="bbox 244 2389 1792 2448; baseline 0.003 -18"><span class='ocrx_word' id='word_1_257' title='bbox 244 2389 389 2431; x_wconf 90' lang='lat' dir='ltr'>subire</span> <span class='ocrx_word' id='word_1_258' title='bbox 438 2397 615 2446; x_wconf 88' lang='lat' dir='ltr'>propter</span> <span class='ocrx_word' id='word_1_259' title='bbox 676 2392 979 2434; x_wconf 88' lang='lat' dir='ltr'>imminentem</span> <span class='ocrx_word' id='word_1_260' title='bbox 1035 2392 1342 2448; x_wconf 74' lang='lat' dir='ltr'>persecutionis</span> <span class='ocrx_word' id='word_1_261' title='bbox 1399 2392 1595 2448; x_wconf 87' lang='lat' dir='ltr'>gladium</span> <span class='ocrx_word' id='word_1_262' title='bbox 1653 2394 1792 2436; x_wconf 80' lang='lat' dir='ltr'>licuit.</span> 
     </span>
     <span class='ocr_line' id='line_1_36' title="bbox 242 2446 1794 2507; baseline 0.005 -20"><span class='ocrx_word' id='word_1_263' title='bbox 242 2446 436 2488; x_wconf 84' lang='lat' dir='ltr'>Tandem</span> <span class='ocrx_word' id='word_1_264' title='bbox 483 2449 687 2504; x_wconf 82' lang='lat' dir='ltr'>expulsus</span> <span class='ocrx_word' id='word_1_265' title='bbox 727 2450 858 2491; x_wconf 90' lang='lat' dir='ltr'>minis</span> <span class='ocrx_word' id='word_1_266' title='bbox 889 2450 975 2492; x_wconf 88' lang='lat' dir='ltr'>huc</span> <span class='ocrx_word' id='word_1_267' title='bbox 1008 2451 1224 2506; x_wconf 86' lang='lat' dir='ltr'>relegatus</span> <span class='ocrx_word' id='word_1_268' title='bbox 1265 2465 1371 2492; x_wconf 88' lang='lat' dir='ltr'>sum.</span> <span class='ocrx_word' id='word_1_269' title='bbox 1453 2450 1508 2491; x_wconf 88' lang='lat' dir='ltr'>D.</span> <span class='ocrx_word' id='word_1_270' title='bbox 1543 2451 1794 2507; x_wconf 88' lang='lat' dir='ltr'>Laghlinen</span> 
     </span>
     <span class='ocr_line' id='line_1_37' title="bbox 241 2507 1795 2564; baseline 0.004 -19"><span class='ocrx_word' id='word_1_271' title='bbox 241 2509 452 2547; x_wconf 84' lang='lat' dir='ltr'>venturus</span> <span class='ocrx_word' id='word_1_272' title='bbox 473 2513 565 2548; x_wconf 90' lang='lat' dir='ltr'>erat</span> <span class='ocrx_word' id='word_1_273' title='bbox 585 2507 632 2548; x_wconf 86' lang='lat' dir='ltr'>in</span> <span class='ocrx_word' id='word_1_274' title='bbox 653 2507 788 2549; x_wconf 87' lang='lat' dir='ltr'>altera</span> <span class='ocrx_word' id='word_1_275' title='bbox 818 2523 941 2558; x_wconf 90' lang='lat' dir='ltr'>nave,</span> <span class='ocrx_word' id='word_1_276' title='bbox 965 2508 1113 2550; x_wconf 89' lang='lat' dir='ltr'>eadem</span> <span class='ocrx_word' id='word_1_277' title='bbox 1147 2513 1272 2550; x_wconf 91' lang='lat' dir='ltr'>nocte</span> <span class='ocrx_word' id='word_1_278' title='bbox 1294 2523 1379 2564; x_wconf 85' lang='lat' dir='ltr'>qua</span> <span class='ocrx_word' id='word_1_279' title='bbox 1399 2523 1479 2563; x_wconf 87' lang='lat' dir='ltr'>ego</span> <span class='ocrx_word' id='word_1_280' title='bbox 1514 2524 1670 2551; x_wconf 86' lang='lat' dir='ltr'>navem</span> <span class='ocrx_word' id='word_1_281' title='bbox 1690 2525 1795 2552; x_wconf 83' lang='lat' dir='ltr'>con-—</span> 
     </span>
     <span class='ocr_line' id='line_1_38' title="bbox 244 2563 1788 2614; baseline 0.005 -12"><span class='ocrx_word' id='word_1_282' title='bbox 244 2563 403 2603; x_wconf 91' lang='lat' dir='ltr'>scendi.</span> <span class='ocrx_word' id='word_1_283' title='bbox 476 2564 531 2606; x_wconf 88' lang='lat' dir='ltr'>D.</span> <span class='ocrx_word' id='word_1_284' title='bbox 568 2564 739 2614; x_wconf 80' lang='lat' dir='ltr'>Dunen,</span> <span class='ocrx_word' id='word_1_285' title='bbox 778 2567 941 2607; x_wconf 86' lang='lat' dir='ltr'>occisus</span> <span class='ocrx_word' id='word_1_286' title='bbox 976 2571 1040 2608; x_wconf 91' lang='lat' dir='ltr'>est</span> <span class='ocrx_word' id='word_1_287' title='bbox 1071 2566 1119 2607; x_wconf 91' lang='lat' dir='ltr'>in</span> <span class='ocrx_word' id='word_1_288' title='bbox 1149 2566 1283 2607; x_wconf 89' lang='lat' dir='ltr'>mari:</span> <span class='ocrx_word' id='word_1_289' title='bbox 1357 2566 1411 2608; x_wconf 90' lang='lat' dir='ltr'>D.</span> <span class='ocrx_word' id='word_1_290' title='bbox 1447 2566 1788 2609; x_wconf 77' lang='lat' dir='ltr'>Waterfordien.</span> 
     </span>
     <span class='ocr_line' id='line_1_39' title="bbox 241 2621 1798 2681; baseline 0.004 -21"><span class='ocrx_word' id='word_1_291' title='bbox 241 2626 438 2662; x_wconf 88' lang='lat' dir='ltr'>mortuus</span> <span class='ocrx_word' id='word_1_292' title='bbox 460 2626 525 2663; x_wconf 92' lang='lat' dir='ltr'>est</span> <span class='ocrx_word' id='word_1_293' title='bbox 544 2621 588 2663; x_wconf 91' lang='lat' dir='ltr'>N</span> <span class='ocrx_word' id='word_1_294' title='bbox 591 2623 739 2664; x_wconf 89' lang='lat' dir='ltr'>annati</span> <span class='ocrx_word' id='word_1_295' title='bbox 758 2639 766 2664; x_wconf 92' lang='lat'><strong>:</strong></span> <span class='ocrx_word' id='word_1_296' title='bbox 828 2624 883 2665; x_wconf 91' lang='lat' dir='ltr'>D.</span> <span class='ocrx_word' id='word_1_297' title='bbox 906 2624 1214 2679; x_wconf 87' lang='lat' dir='ltr'>Ardaghaden.</span> <span class='ocrx_word' id='word_1_298' title='bbox 1238 2624 1350 2665; x_wconf 89' lang='lat' dir='ltr'>vivit</span> <span class='ocrx_word' id='word_1_299' title='bbox 1380 2624 1552 2666; x_wconf 89' lang='lat' dir='ltr'>ibidem.</span> <span class='ocrx_word' id='word_1_300' title='bbox 1613 2626 1685 2667; x_wconf 85' lang='lat' dir='ltr'>Ex</span> <span class='ocrx_word' id='word_1_301' title='bbox 1705 2640 1798 2681; x_wconf 76' lang='lat' dir='ltr'>quo</span> 
     </span>
     <span class='ocr_line' id='line_1_40' title="bbox 245 2677 1786 2734; baseline 0.005 -16"><span class='ocrx_word' id='word_1_302' title='bbox 245 2677 329 2719; x_wconf 86' lang='lat' dir='ltr'>huc</span> <span class='ocrx_word' id='word_1_303' title='bbox 351 2679 499 2734; x_wconf 83' lang='lat' dir='ltr'>appuli</span> <span class='ocrx_word' id='word_1_304' title='bbox 534 2680 857 2722; x_wconf 89' lang='lat' dir='ltr'>decollaverunt</span> <span class='ocrx_word' id='word_1_305' title='bbox 888 2682 994 2723; x_wconf 89' lang='lat' dir='ltr'>dicti</span> <span class='ocrx_word' id='word_1_306' title='bbox 1023 2681 1230 2723; x_wconf 87' lang='lat' dir='ltr'>haeretici</span> <span class='ocrx_word' id='word_1_307' title='bbox 1251 2682 1307 2723; x_wconf 83' lang='lat'>40</span> <span class='ocrx_word' id='word_1_308' title='bbox 1338 2682 1454 2724; x_wconf 88' lang='lat' dir='ltr'>viros</span> <span class='ocrx_word' id='word_1_309' title='bbox 1489 2682 1667 2725; x_wconf 90' lang='lat' dir='ltr'>nobiles.</span> <span class='ocrx_word' id='word_1_310' title='bbox 1729 2684 1786 2725; x_wconf 91' lang='lat' dir='ltr'>D.</span> 
     </span>
     <span class='ocr_line' id='line_1_41' title="bbox 244 2735 1796 2794; baseline 0.005 -18"><span class='ocrx_word' id='word_1_311' title='bbox 244 2735 495 2777; x_wconf 84' lang='lat' dir='ltr'>Terentium</span> <span class='ocrx_word' id='word_1_312' title='bbox 516 2742 708 2779; x_wconf 89' lang='lat' dir='ltr'>vestrum</span> <span class='ocrx_word' id='word_1_313' title='bbox 730 2738 927 2794; x_wconf 86' lang='lat' dir='ltr'>Coghlan</span> <span class='ocrx_word' id='word_1_314' title='bbox 950 2741 962 2783; x_wconf 81' lang='lat'><em>(</em></span> <span class='ocrx_word' id='word_1_315' title='bbox 967 2740 1002 2782; x_wconf 91' lang='lat' dir='ltr'>si</span> <span class='ocrx_word' id='word_1_316' title='bbox 1022 2754 1110 2781; x_wconf 92' lang='lat' dir='ltr'>non</span> <span class='ocrx_word' id='word_1_317' title='bbox 1130 2740 1245 2781; x_wconf 90' lang='lat' dir='ltr'>inter</span> <span class='ocrx_word' id='word_1_318' title='bbox 1266 2745 1353 2790; x_wconf 92' lang='lat' dir='ltr'>eos)</span> <span class='ocrx_word' id='word_1_319' title='bbox 1375 2740 1516 2782; x_wconf 89' lang='lat' dir='ltr'>adhuc</span> <span class='ocrx_word' id='word_1_320' title='bbox 1536 2741 1584 2782; x_wconf 91' lang='lat' dir='ltr'>in</span> <span class='ocrx_word' id='word_1_321' title='bbox 1604 2740 1796 2784; x_wconf 45' lang='lat' dir='ltr'>vinculis&gt;</span> 
     </span>
     <span class='ocr_line' id='line_1_42' title="bbox 244 2793 1792 2855; baseline 0.005 -22"><span class='ocrx_word' id='word_1_322' title='bbox 244 2793 447 2845; x_wconf 89' lang='lat' dir='ltr'>retinent,</span> <span class='ocrx_word' id='word_1_323' title='bbox 471 2795 765 2850; x_wconf 90' lang='lat' dir='ltr'>spoliaverunt</span> <span class='ocrx_word' id='word_1_324' title='bbox 784 2798 877 2839; x_wconf 77' lang='lat' dir='ltr'>fere</span> <span class='ocrx_word' id='word_1_325' title='bbox 897 2797 1096 2839; x_wconf 89' lang='lat' dir='ltr'>omnibus</span> <span class='ocrx_word' id='word_1_326' title='bbox 1116 2797 1264 2845; x_wconf 90' lang='lat' dir='ltr'>bonis;</span> <span class='ocrx_word' id='word_1_327' title='bbox 1298 2797 1393 2853; x_wconf 83' lang='lat' dir='ltr'>ejus</span> <span class='ocrx_word' id='word_1_328' title='bbox 1430 2798 1511 2839; x_wconf 90' lang='lat' dir='ltr'>filii</span> <span class='ocrx_word' id='word_1_329' title='bbox 1532 2799 1616 2841; x_wconf 92' lang='lat' dir='ltr'>duo</span> <span class='ocrx_word' id='word_1_330' title='bbox 1646 2799 1792 2855; x_wconf 85' lang='lat' dir='ltr'>major</span> 
     </span>
     <span class='ocr_line' id='line_1_43' title="bbox 245 2851 1789 2912; baseline 0.003 -21"><span class='ocrx_word' id='word_1_331' title='bbox 245 2854 291 2890; x_wconf 88' lang='lat' dir='ltr'>et</span> <span class='ocrx_word' id='word_1_332' title='bbox 328 2851 470 2893; x_wconf 90' lang='lat' dir='ltr'>minor</span> <span class='ocrx_word' id='word_1_333' title='bbox 509 2857 616 2895; x_wconf 91' lang='lat' dir='ltr'>natu</span> <span class='ocrx_word' id='word_1_334' title='bbox 652 2854 849 2896; x_wconf 75' lang='lat' dir='ltr'>defuncti</span> <span class='ocrx_word' id='word_1_335' title='bbox 890 2859 1002 2897; x_wconf 83' lang='lat' dir='ltr'>sunt.</span> <span class='ocrx_word' id='word_1_336' title='bbox 1051 2855 1162 2897; x_wconf 89' lang='lat' dir='ltr'>Dna.</span> <span class='ocrx_word' id='word_1_337' title='bbox 1209 2855 1351 2897; x_wconf 83' lang='lat' dir='ltr'>Maria</span> <span class='ocrx_word' id='word_1_338' title='bbox 1400 2855 1542 2912; x_wconf 90' lang='lat' dir='ltr'>plorat</span> <span class='ocrx_word' id='word_1_339' title='bbox 1581 2857 1789 2912; x_wconf 82' lang='lat' dir='ltr'>quotidie.</span> 
     </span>
    </p>
   </div>
  </div>
 </body>
</html>
