1887 3188
256 92 345 134 *142
796 106 977 133 1110013011
1009 106 1063 133 OF
1094 104 1284 132 ARDAGH

257 208 375 250 locus
395 207 583 250 Thomae
618 206 896 263 Armstrong,
919 206 1057 262 equiti
1093 211 1243 248 aurato
1279 205 1547 248 Protestanti
1582 220 1807 248 concessus

260 271 336 308 est.

346 324 402 363 40
434 323 463 365 J
465 323 689 364 udicatura
738 338 812 364 seu
850 321 1004 377 legalis
1057 320 1368 362 ministrandae
1401 320 1599 378 justitiae
1638 321 1710 363 via
1756 336 1805 364 ac

260 381 452 423 tribunal
471 381 519 423 in
539 380 645 437 ipsis
665 379 857 422 articulis
876 379 1147 435 promissum,
1165 393 1438 434 nequaquam
1450 379 1708 435 praestitum
1729 385 1805 422 aut

258 454 505 482 concessum
555 442 631 489 est,
675 438 749 479 sed
799 452 945 479 omnes
993 451 1215 492 processus
1265 441 1309 478 et
1349 451 1574 479 causarum
1614 437 1804 479 actiones
1859 436 1862 440 ’

257 502 428 538 tantum
461 512 548 563 per·
573 496 803 552 petitiones
845 494 909 549 (ut
943 494 1111 550 vocant)
1153 494 1398 536 chartaceas
1428 495 1801 547 terminabantur3

255 555 371 596 unde
390 554 552 611 privati
583 554 758 604 scribae,
795 552 1012 595 secretarii
1042 552 1202 607 aliique
1223 552 1416 608 corrupti
1435 553 1628 594 ministri
1660 554 1802 595 subito

254 613 532 664 ditabantnr3
565 611 727 653 subditi
755 611 1036 653 vastabantur
1058 616 1101 652 et
1121 610 1469 662 absumebantur,
1487 610 1608 652 nulla
1628 611 1802 667 justitia

252 675 425 712 servata
445 674 519 711 aut
540 669 746 711 exhibita.

342 728 395 769 5Ο
426 728 661 783 Nav1gat10
682 742 791 782 quae
811 725 1049 767 maximum
1068 725 1195 781 regni
1215 725 1406 767 fulcrum
1426 730 1469 768 et
1490 726 1801 769 adminiculum

252 785 408 836 fuerat,
432 786 604 827 omnino
626 789 690 827 est
710 799 958 850 suppressa:
992 783 1205 839 siquidem
1236 799 1312 826 sua
1345 784 1618 826 Excellentia
1638 785 1798 826 exami-

252 845 385 886 nabat
404 844 502 885 11100
522 858 679 894 01111100,
713 843 787 898 qui
808 857 852 884 se
873 856 1058 897 suaquae
1078 841 1194 884 ultro
1226 842 1281 883 ad
1300 842 1597 899 navigandum
1612 858 1797 899 expone-

252 902 371 952 bant,
411 901 734 957 navigationem
773 901 1084 949 sustentabant,
1126 904 1169 941 et
1207 901 1386 942 navium
1434 906 1576 942 essent
1619 901 1797 952 domini,

251 960 391 1014 qualis
411 959 498 1001 fuit
529 959 762 1015 Capitanus
793 957 1013 999 Antonius
1045 957 1233 1013 aliique·
1223 991 1233 1010 ,
1266 963 1311 1000 et
1341 958 1460 1014 justo
1491 958 1590 1014 plus
1624 935 1800 1001 favebat

251 1017 482 1058 Hollandis
504 1021 545 1058 et
566 1017 661 1058 aliis
682 1015 884 1066 externis,
907 1015 953 1057 in
975 1031 1159 1071 quorum
1180 1017 1367 1072 gratiam
1386 1017 1613 1058 revocabat
1633 1017 1798 1073 judicia

248 1074 449 1130 legaliter
469 1075 588 1130 prius
608 1074 697 1116 lata
730 1079 773 1115 et
809 1075 1044 1116 sententias
1065 1079 1166 1116 ante
1199 1090 1320 1116 suam
1351 1075 1399 1116 in
1431 1090 1567 1130 regno
1602 1075 1794 1117 authori-

248 1138 383 1174 tatem
404 1132 625 1174 definitive
650 1133 795 1182 datas;
829 1147 914 1187 qua
944 1132 1262 1174 maritimorum
1291 1132 1566 1188 negotiorum
1596 1148 1796 1189 pressura
1843 1131 1849 1134 ’

249 1206 297 1233 00
317 1191 520 1247 neglectu
551 1190 808 1246 providendi
838 1195 882 1231 et
914 1190 1146 1232 stabilendi
1184 1206 1200 1247 J
1208 1190 1292 1232 usti
1335 1197 1379 1232 et
1417 1191 1526 1232 recti
1564 1191 1796 1233 tribunalis

247 1249 477 1290 Admirallz'
494 1248 660 1290 factum
680 1252 757 1298 est,
778 1252 828 1289 ut
848 1248 925 1290 vix
964 1248 1056 1304 jam
1092 1249 1149 1290 sit
1180 1248 1270 1290 ulla
1301 1248 1468 1304 reliqua
1499 1249 1547 1290 in
1581 1248 1796 1291 Hibernia

245 1307 380 1358 navis,
404 1322 513 1362 quae
532 1306 605 1349 vel
623 1306 791 1348 litteras
807 1321 831 1347 a
851 1306 974 1347 nobis
995 1307 1050 1347 ad
1071 1306 1201 1348 Suam
1213 1307 1306 1364 Maj
1312 1313 1492 1349 estatem
1507 1311 1582 1348 aut
1598 1307 1794 1362 quemvis

246 1364 542 1406 Christianum
562 1364 811 1420 Principem
831 1364 946 1406 serre
966 1370 1120 1420 posset.

335 1423 387 1464 60
422 1422 691 1464 Cathedralis
711 1422 904 1465 Ecclesia
926 1422 1193 1472 Cluanensis‚
1209 1438 1339 1478 quam
1351 1423 1671 1479 possidebamus
1692 1438 1790 1465 cum

243 1495 330 1537 pax
379 1480 716 1532 concluderetur,
767 1497 844 1547 per
893 1481 1041 1522 Baron
1080 1481 1134 1523 de
1161 1481 1386 1547 Insequin
1419 1481 1631 1523 violenter
1669 1482 1793 1524 nobis

243 1538 412 1580 sublata
432 1544 496 1580 est
517 1544 665 1581 contra
684 1539 802 1595 pacis
822 1538 1037 1590 articulos,
1053 1543 1096 1581 et
1117 1540 1314 1595 quamvis
1331 1539 1504 1595 querela
1520 1554 1567 1581 ac
1588 1546 1791 1595 expostu-

242 1596 347 1638 latio
367 1597 448 1639 hac
469 1597 521 1639 de
542 1613 589 1639 re
604 1597 739 1639 fuerit
759 1596 889 1649 facta,
921 1597 1044 1639 nulla
1075 1602 1221 1640 tamen
1252 1597 1425 1655 justitia
1457 1602 1532 1639 aut
1554 1597 1790 1640 satisfactio

243 1659 307 1696 est
326 1656 545 1711 praestita.
575 1691 578 1693 .
1456 1673 1458 1676 ·

330 1713 384 1755 70
418 1713 679 1764 Oblationes,
704 1713 947 1769 sepulturae
968 1718 1012 1755 et
1045 1713 1150 1755 libri
1186 1713 1252 1769 (ut
1279 1713 1449 1769 vocant)
1486 1713 1693 1769 pecuniae
1715 1729 1789 1756 seu

243 1770 468 1826 stipendia,
492 1771 684 1826 aliaeque
713 1772 992 1813 obventiones
1020 1773 1074 1813 ad
1096 1771 1271 1814 Olerum
1292 1771 1599 1814 Catholicum
1586 1787 1634 1813 111
1655 1772 1784 1814 001111-

241 1829 404 1871 tatibus
447 1829 678 1885 Corcagiae
727 1829 1062 1881 Waterfordiae,
1104 1835 1147 1872 et
1187 1830 1386 1872 Kierriae
1429 1834 1669 1886 spectantes
1708 1846 1786 1886 per

240 1885 467 1929 Ministros
486 1888 722 1929 haereticos
742 1887 921 1929 fuerunt
941 1894 1172 1944 usurpatae
1208 1894 1251 1930 et
1285 1888 1484 1930 detentae
1511 1903 1566 1929 ne
1587 1888 1786 1930 venirent

238 1944 286 1985 in
306 1961 458 1987 manus
479 1945 799 1988 Catholicorum
819 1946 1087 1988 sacerdotum
1108 1952 1151 1988 et
1178 1946 1483 1997 Parochorum,
1515 1946 1646 2002 idque
1665 1946 1787 1988 nulla

239 2001 373 2060 hujus
393 2004 457 2045 rei
479 2004 749 2046 restitutione
769 2009 844 2046 aut
864 2005 1052 2046 remedio
1074 2005 1186 2046 dato.

326 2062 380 2103 8Ο
414 2061 626 2104 Catholici
647 2062 841 2104 subditi
828 2078 875 2104 111
890 2062 1112 2105 Μο11101110
1126 2063 1332 2104 vivebant
1353 2061 1476 2118 quasi
1506 2061 1554 2103 in
1576 2061 1783 2104 servitute

239 2120 318 2161 sub
338 2120 532 2186 praeside
551 2120 723 2162 Barone
757 2120 1048 2176 Insequiniae,
1085 2136 1184 2162 cum
1210 2120 1343 2162 iidem
1376 2120 1444 2161 illi
1476 2124 1617 2161 essent
1638 2135 1784 2162 00111111

224 2177 404 2234 ,judices
425 2178 501 2233 qui
520 2194 658 2234 nuper
677 2179 833 2230 hostes,
865 2194 945 2221 nec
976 2179 1092 2220 ullus
1113 2178 1373 2229 Oatholicus,
1396 2177 1592 2234 quamvis
1626 2178 1783 2220 nobilis

237 2250 285 2278 ac
307 2251 549 2291 generosuS‚
572 2237 625 2278 ad
646 2236 857 2278 Tribunal
876 2252 924 2278 ac
945 2237 1018 2294 J'us
1038 2237 1268 2278 dicendum
1288 2236 1497 2278 admissus
1517 2235 1662 2278 fuerit.

296 2295 342 2335 90
373 2293 587 2350 Regimen
607 2295 834 2345 exercitus,
856 2294 943 2336 fuit
974 2295 1277 2351 improvidum,
1299 2294 1715 2360 incircumspectum,
1739 2298 1783 2336 et

236 2351 471 2394 infeliciter
492 2352 743 2394 ominosum.
787 2353 831 2395 N
833 2353 915 2394 1h11
935 2357 1025 2395 toto
1047 2353 1148 2394 orbe
1166 2352 1411 2394 Christiano
1432 2352 1623 2393 accidere
1635 2352 1777 2394 visum

235 2410 374 2465 magis
394 2410 643 2465 pudendum
663 2425 793 2465 quam
811 2411 1101 2453 infortunium
1131 2410 1241 2452 illud
1260 2410 1398 2452 nostri
1432 2410 1646 2451 exercitus
1666 2410 1781 2466 apud

234 2467 533 2509 Rathminiam
562 2484 694 2524 prope
725 2469 995 2512 Dublinium.
1057 2468 1129 2510 Ibi
1150 2484 1226 2510 sua
1246 2468 1501 2510 excellentia
1526 2467 1653 2522 (sicut
1673 2468 1790 2512 viris.
1854 2529 1857 2531 Β

235 2541 418 2582 magnae
438 2526 727 2582 experientiae
748 2533 791 2569 et
811 2528 857 2569 in
878 2531 1124 2569 exterarum
1143 2526 1370 2583 regionum
1395 2525 1554 2567 militia
1572 2526 1777 2582 probatis,

236 2583 312 2638 qui
351 2583 494 2625 omnia
533 2584 785 2636 lustrarunt,
806 2584 963 2641 visum)
1004 2585 1181 2626 tenebat
1218 2584 1361 2641 potius
1399 2584 1522 2639 quasi
1561 2584 1777 2626 nundinas

235 2641 609 2683 mercimoniorum
624 2647 667 2683 et
681 2657 905 2685 causarum
919 2642 1111 2685 tribunal
1122 2642 1335 2692 ludorum,
1344 2641 1719 2708 compotationum,
1735 2647 1778 2684 et

234 2699 506 2754 voluptatum
512 2700 734 2742 tabernam
742 2701 986 2756 quambene
999 2701 1196 2742 ordinata
1202 2700 1392 2742 militum
1399 2704 1538 2742 castra
1546 2705 1620 2741 aut
1627 2700 1773 2742 aciem.

320 2756 617 2812 Vadipontum
636 2758 693 2809 vi,
731 2758 909 2815 impetu,
944 2763 988 2800 et
1022 2758 1262 2812 irruptione
1283 2763 1457 2814 captum
1492 2763 1568 2809 est,
1607 2758 1775 2814 copioso

234 2812 344 2856 inibi
380 2815 591 2856 nobilium
630 2820 674 2858 et
710 2822 1011 2860 veteranorum
1049 2815 1251 2866 militum,
1295 2816 1371 2872 qui
1405 2831 1555 2858 revera
1593 2815 1774 2857 fuerunt
