1887 3188
364 167 601 195 EPISCOPAL
631 166 881 195 SUCCESSAON
915 166 966 194 IN
997 166 1342 194 CLONMACNOISE.
1543 151 1625 192 117

82 274 329 325 porrectum
350 269 397 311 in
417 268 614 325 proximo
629 273 828 324 presente
844 267 1106 310 Gonsistorio
1125 282 1202 324 pro
1218 266 1406 309 ecclesiis
1419 266 1626 309 Cluanen.

84 338 129 368 et
150 326 450 369 Ardachaden.
473 327 517 368 in
541 326 759 368 Hibernia
778 341 857 383 pro
877 326 932 368 R.
964 326 1018 368 D.
1044 325 1254 381 Gregorio
1285 325 1452 373 Fallon,
1475 339 1559 380 qua
1579 325 1627 366 in

83 390 290 451 sequente
309 389 520 442 proponet
539 383 699 427 Revmas
723 383 989 426 D.Pa1atins
1005 383 1129 425 Card.
1148 384 1201 425 de
1215 381 1627 425 Alteriis,''—Casa-

79 451 380 543 113ῐῖῗᾶῗὸὅὸ
412 499 612 557 Gregory
631 500 788 542 Fallon
817 499 904 542 had
934 499 1043 542 been
1082 498 1330 540 mentioned
1367 497 1515 540 before
1554 497 1629 540 the

84 557 374 614 Propaganda
409 558 478 601 for
497 574 553 601 an
573 559 692 601 Irish
711 557 942 614 bishopric.
1004 557 1076 599 He
1102 572 1189 599 was
1210 556 1317 598 then
1352 561 1396 598 at
1417 555 1625 612 Bologna.

84 616 170 657 His
191 616 413 673 signature
433 616 523 660 will
537 617 591 659 be
605 616 743 659 found
759 615 959 659 attached
973 619 1018 657 to
1038 615 1113 657 the
1129 614 1354 671 following
1370 627 1630 656 IMPORTANT

82 688 278 717 LETTERS
293 691 365 717 :—

88 804 159 846 10.
190 803 345 847 Letter
378 804 424 847 of
458 804 576 847 Irish
611 804 799 860 Bishops
833 802 948 846 from
982 802 1044 845 St.
1084 801 1303 853 Germain‚
1326 806 1371 844 to
1391 801 1465 844 the
1500 801 1631 858 Pope,

605 863 712 904 l8th
733 862 970 914 February,
996 861 1120 903 1692.

499 948 647 1005 (From
669 948 744 990 the
764 948 950 989 Vatican
971 946 1213 1002 Archives)

768 1019 812 1062 S.
835 1019 1055 1068 Germain,
1079 1018 1160 1059 180
1183 1016 1424 1067 Februarii,
1449 1016 1574 1058 1692.

86 1092 345 1135 Beatissime
365 1092 508 1148 Pater,

236 1150 346 1193 Cum
366 1149 640 1206 Apostolicae
659 1149 842 1191 Vestrae
862 1147 1154 1191 Beatitudinis
1171 1146 1357 1189 charitas
1373 1145 1635 1202 amplissima

89 1213 231 1251 totum
252 1224 337 1264 qua
357 1208 444 1250 late
464 1214 583 1265 patet
603 1208 812 1249 mundum
844 1206 1177 1263 complectatur3
1209 1220 1307 1246 cum
1343 1204 1634 1246 Ecclesiarum

89 1267 417 1323 particularium
448 1266 720 1308 incolumitas
756 1281 780 1307 a
801 1265 879 1307 Stae
901 1264 1023 1307 Sedis
1054 1263 1328 1320 Apostolicae
1365 1262 1635 1303 solicitudine

92 1325 326 1367 secundum
364 1324 508 1366 Deum
537 1324 749 1381 pendeat:
783 1338 879 1365 cum
903 1338 957 1364 ex
988 1322 1286 1377 antiquissima
1307 1325 1350 1362 et
1370 1319 1634 1376 Evangelica

92 1398 249 1425 coaeva
288 1382 521 1424 traditione
575 1382 792 1438 Episcopi,
835 1381 924 1423 sive
977 1386 1220 1436 temporum
1273 1378 1505 1434 iniquitate
1546 1378 1635 1419 sive

90 1441 317 1483 hominum
338 1440 516 1490 malitia,
540 1441 710 1481 sedibus
732 1440 819 1481 suis
840 1438 970 1495 ejecti
991 1439 1044 1479 ad
1065 1438 1242 1480 eandem
1265 1443 1453 1478 sanctam
1478 1436 1633 1486 sedem,

91 1499 213 1541 velut
244 1499 298 1540 ad
332 1499 599 1540 tutissimum
632 1498 799 1554 asylum
836 1504 879 1538 et
913 1504 1112 1554 paratum
1144 1495 1354 1537 divinitus
1384 1494 1636 1550 perfugium

93 1557 356 1599 recurrerint
391 1572 571 1612 semper,
607 1571 686 1598 nec
725 1570 918 1611 unquam
963 1570 1037 1611 spe
1069 1569 1145 1596 sua
1176 1553 1276 1594 falsi
1311 1552 1501 1603 fuerint3
1545 1551 1636 1594 Nos

92 1615 241 1672 Regni
256 1615 493 1657 Hiberniae
508 1614 726 1670 Episcopi,
740 1614 792 1655 ob
807 1613 1017 1655 bellorum
1032 1611 1321 1667 iniquitatem,
1331 1615 1375 1652 et
1387 1609 1637 1652 violentiam

88 1673 433 1723 Haereticorum‚
456 1673 503 1714 in
525 1672 712 1714 Galliam
740 1671 795 1713 ad
815 1677 983 1728 tempus
1004 1670 1149 1721 delati,
1173 1674 1360 1726 egentes,
1383 1667 1634 1724 angustiati,

90 1731 255 1781 afflicti,
278 1731 333 1772 ad
365 1746 504 1772 sacros
523 1731 601 1772 Vae
621 1729 691 1772 Stis
716 1730 845 1786 pedes
879 1729 1132 1779 accedimus,
1155 1728 1251 1784 ejus
1285 1742 1409 1783 opem
1441 1727 1488 1767 in
1508 1726 1635 1768 rebus

90 1789 382 1831 afflictissimis
403 1793 446 1830 et
465 1804 575 1844 pene
596 1788 827 1845 deploratis
861 1786 1145 1843 imploraturi.
1208 1786 1271 1828 Ut
1293 1791 1436 1826 autem
1457 1784 1533 1826 StaS
1559 1784 1636 1826 Vra

91 1848 250 1889 certior
271 1847 327 1889 sit
346 1847 648 1895 mutationum,
673 1861 782 1902 quae
803 1846 917 1902 apud
936 1860 1014 1887 nos
1034 1845 1247 1887 Sexennio
1269 1843 1546 1898 contigerunt
1567 1857 1637 1883 eas

90 1905 283 1947 breviter
302 1904 462 1947 referre
482 1905 718 1961 plurimum
737 1904 942 1946 interesse
966 1903 1108 1944 visum
1124 1908 1199 1944 est.
1261 1901 1366 1943 Pest
1387 1901 1638 1942 diuturnam

94 1963 237 2018 sesqui
278 1962 435 2004 saeculi
471 1962 642 2004 circiter
676 1962 1016 2018 persecutionem
1063 1961 1272 2011 acerbam,
1309 1958 1550 2000 Orthodoxi
1589 1957 1636 1999 in

94 2021 310 2063 Hibernia
359 2020 569 2076 respirare
613 2025 856 2076 coeperunt,
890 2019 966 2061 ubi
1013 2019 1175 2060 Divina
1224 2017 1504 2058 Providentia
1539 2022 1636 2071 post

92 2080 237 2120 varias
286 2083 562 2135 tempestates
612 2083 655 2120 et
704 2077 1008 2133 reciprocantis
1058 2077 1257 2118 fortunae
1316 2074 1636 2116 vicissitudines

92 2137 306 2179 Jacobum
335 2152 412 2193 per
444 2137 593 2192 ignota
625 2136 872 2177 hominibus
904 2134 1159 2177 diverticula
1191 2134 1245 2175 ad
1281 2132 1444 2174 avitum
1482 2131 1635 2173 solium

95 2195 288 2237 deduxit.
351 2195 398 2236 Is
418 2194 645 2236 confestim
666 2194 786 2235 dedit
806 2193 972 2236 cunctis
985 2192 1268 2235 conscientiae
1283 2191 1528 2232 libertatem
1549 2205 1634 2245 qua

95 2253 308 2295 Catholici
343 2253 473 2294 etiam
506 2252 768 2302 fruerentur,
803 2251 1021 2307 abrogatis
1051 2265 1160 2305 quae
1194 2249 1241 2290 in
1276 2264 1346 2290 eos
1366 2248 1477 2289 latae
1513 2256 1635 2289 erant

93 2311 276 2367 legibus,
311 2326 570 2366 capacesque
600 2311 754 2352 fierent
789 2309 1022 2351 officiorum
1058 2307 1252 2350 civilium
1285 2321 1332 2347 ac
1364 2306 1632 2346 militarium.

96 2369 190 2410 llos
210 2369 391 2411 subinde
419 2368 634 2425 promovit
668 2368 855 2409 maxime
889 2367 1061 2423 quando
1094 2364 1422 2406 Haereticorum
1456 2363 1636 2419 perfidia

95 2443 152 2468 (X
187 2427 351 2483 Anglia
383 2426 532 2483 pulsus
564 2427 619 2468 ad.
661 2426 878 2467 Hibernos
917 2425 964 2466 in
996 2424 1132 2466 officio
1168 2429 1410 2464 constantes
1445 2421 1632 2462 accessit.

97 2485 219 2527 Tunc
239 2485 457 2527 enimvero
478 2485 556 2526 sub
576 2484 648 2539 pio
669 2484 872 2539 Principe
892 2482 1108 2524 Ecclesiae
1140 2481 1332 2522 redditae
1354 2484 1454 2521 sunt
1490 2479 1633 2520 ortho-

97 2543 235 2593 doxis,
287 2542 439 2583 altaria
501 2542 718 2592 Ecclesiis,
771 2541 1008 2583 sacerdotes
1071 2539 1292 2587 altaribus,
1342 2543 1384 2579 et
1440 2537 1637 2578 omnibus

96 2600 401 2656 mysteriorum
421 2606 664 2644 nostrorum
692 2599 1044 2655 augustissimum
1075 2598 1350 2639 incruentum
1382 2595 1638 2637 sacrificium

98 2662 366 2699 sacrosancta
377 2658 663 2700 Eucharistia.
724 2658 809 2699 His
835 2656 958 2699 bonis
973 2655 1269 2713 praesentibus
1289 2660 1332 2695 et
1353 2653 1543 2709 copiosae
1565 2668 1638 2708 spe

96 2716 247 2757 messis
266 2716 498 2771 praeterita
518 2716 672 2757 damna
709 2715 960 2757 solabamur.
1022 2713 1188 2756 Verum
1219 2711 1398 2754 Auriaci
1430 2711 1639 2752 adventus

100 2782 146 2816 et
180 2773 385 2815 victoriae
420 2773 585 2816 occulto
620 2773 703 2815 Dei
737 2773 900 2830 judicio
936 2771 1032 2829 ejus
1071 2771 1201 2812 armis
1240 2784 1460 2812 concessae
1495 2768 1638 2810 omnia

99 2845 272 2888 pessum
312 2831 546 2882 dederunt3
598 2830 719 2872 Tunc
760 2835 930 2886 ereptae
970 2834 1070 2871 sunt
1124 2827 1357 2870 Catholicis
1408 2825 1636 2876 Ecclesiae,

99 2889 256 2930 altaria
285 2903 456 2941 eversa,
480 2888 665 2946 conjecti
701 2889 748 2930 in
782 2889 936 2943 sugam
970 2887 1231 2936 Sacerdotes,
1254 2885 1402 2927 divina
1435 2884 1640 2940 mysteria
