1887 3188
383 152 619 180 EmscoPAL
650 151 902 180 sUccnssmN
933 152 983 179 IN
1014 152 1360 180 cLONMACNOlSE.
1555 138 1639 179 119

93 248 218 291 enim
251 248 298 291 in
331 248 576 291 Catholicae
608 248 710 291 fidei
742 248 977 304 perniciem
1010 248 1155 290 omnia
1181 264 1255 290 sua
1289 248 1431 290 studia
1462 253 1505 291 et
1525 264 1643 290 arma

90 322 269 362 :semper
288 307 511 349 intendere
532 307 628 362 quis
645 307 819 362 ignorat
835 307 855 348 ⁸?

191 365 250 406 30.
284 365 348 407 Ut
368 380 447 420 ope
468 370 511 406 et
532 380 660 420 opera
680 364 748 406 StiS
780 364 873 407 Vrae
901 369 1025 420 porta
1040 364 1155 420 Regi
1170 369 1316 406 nostro
1331 365 1359 406 J
1362 365 1490 406 acobo
1511 365 1565 406 20
1589 365 1644 406 ad

102 422 291 464 Paterna
311 422 465 478 Regna
485 422 749 478 postliminio
770 423 1007 463 revocanda
1027 422 1216 478 patefiat,
1239 423 1399 477 absque
1419 438 1503 477 quo
1522 422 1645 464 nulla

100 480 344 536 Religionis
363 481 410 522 in
440 481 579 522 tribus
613 480 780 536 Regnis
810 481 1031 535 augendae
1052 495 1147 536 spes
1178 485 1254 529 est,
1276 480 1512 536 perexigua
1542 496 1644 522 vero

100 538 199 594 ejus
219 538 423 594 reliquias
458 538 750 590 conservandi,
774 543 817 579 et
837 543 952 579 certe
988 554 1086 580 cum
1117 538 1278 579 multae
1313 538 1527 580 virtutum
1547 554 1641 594 pre-

101 596 323 651 rogativae
343 596 510 652 Regem
538 600 734 638 nostrum
754 594 809 638 Sti
832 596 926 638 Vme
949 596 1185 651 plurimum
1214 597 1526 647 commendant,
1549 605 1643 637 tum

103 655 330 710 praecipue
350 654 488 710 pietas
508 654 555 695 in
575 654 717 696 Deum
739 658 781 695 et
802 653 1048 696 Catholicae
1069 654 1314 709 Religionis
1329 655 1644 710 promovendae

100 712 231 762 zelus,
266 712 390 754 illum
425 713 477 754 de
513 712 670 754 Sancta
690 712 833 754 Matre
868 712 1060 754 Ecclesia
1100 713 1286 767 probant
1332 712 1491 754 eximie
1534 713 1643 753 bene

101 770 317 820 meritum,
339 770 503 812 nemini
537 770 652 812 enim
687 770 867 812 dubium
901 786 990 812 esse
1010 775 1152 825 potest
1183 770 1290 825 quin
1325 770 1398 812 ille
1433 770 1643 825 potuisset

100 843 236 883 usque
268 828 522 884 Regnorum
558 843 731 869 suorum
762 828 938 883 pacifice
971 828 1115 884 potiri,
1139 828 1174 869 si
1204 844 1228 869 a
1258 828 1342 869 fide
1375 828 1583 876 recedere,
1608 828 1644 869 si

103 885 346 928 Catholicos
365 886 565 942 persequi
586 892 629 927 et
660 887 938 941 supprimere,
962 887 1030 928 vel
1053 887 1087 927 si
1109 886 1425 928 serenissimum
1455 886 1643 927 Walliae

99 944 342 999 principem
379 945 518 985 filium
539 960 663 985 suum
684 952 727 986 et
758 945 1000 986 Haeredem
1020 944 1067 985 in
1101 945 1379 986 Heterodoxa
1413 944 1644 999 Religione

100 1003 369 1043 educandum
400 1002 684 1044 Cantuarensi
714 1003 1048 1059 Archiepiscopo
1081 1002 1346 1044 Protestanti
1377 1002 1641 1058 permittere,

100 1059 148 1101 in
184 1060 372 1101 animam
402 1060 670 1112 induxisset3
715 1064 759 1102 at
805 1060 879 1103 ille
915 1061 1061 1102 divino
1097 1060 1188 1102 zelo
1221 1065 1397 1102 ornatus
1432 1064 1644 1102 statutum

100 1118 254 1159 habuit
288 1118 417 1160 fidem
456 1119 599 1174 palam
630 1118 836 1174 profiteri,
872 1119 1069 1160 illaesum
1114 1118 1297 1160 firmiter
1346 1133 1528 1168 servare,
1564 1133 1645 1173 pro

99 1176 265 1217 viribus
285 1192 536 1232 propagare.
560 1176 744 1218 cultores
776 1178 868 1232 ejus
902 1182 1129 1233 protegere
1160 1181 1203 1218 et
1232 1176 1391 1226 fovere,
1413 1191 1644 1231 rerumque

86 1234 306 1283 omnium,
324 1235 597 1290 potiusquam
613 1235 725 1284 fidei,
743 1234 957 1290 jacturam
972 1235 1113 1276 facere
1131 1251 1140 1282 ;
1174 1250 1252 1276 nec
1272 1250 1360 1276 non
1375 1234 1644 1290 praedictum

101 1291 429 1334 Serenissimum
474 1293 614 1334 filium
668 1308 793 1333 suum
846 1293 1000 1334 maluit
1049 1293 1290 1348 expositum
1342 1292 1642 1334 incertitudini

102 1350 315 1392 Paternae
330 1351 607 1392 haereditatis
635 1350 739 1392 olim
764 1351 995 1400 adeundae,
1011 1366 1141 1406 quam
1158 1350 1379 1392 Catholica
1392 1350 1643 1393 educatione

95 1408 331 1463 privatum,
353 1414 404 1450 ut
424 1409 515 1465 jam
534 1424 621 1450 non
653 1408 868 1450 innnerito
898 1409 1020 1451 Sedis
1052 1408 1325 1465 Apostolicae
1356 1408 1645 1464 patrocinium

99 1466 217 1522 Regi
236 1472 382 1508 nostro
402 1467 624 1509 videamur
645 1466 880 1522 efflagitare
901 1467 989 1522 qui,
1011 1482 1089 1523 pro
1109 1467 1359 1522 Apostolica
1378 1467 1463 1508 fide
1483 1467 1644 1508 tuenda

85 1525 396 1580 augendaque,
430 1529 495 1566 tot
545 1525 769 1580 dispendia
804 1530 847 1566 et
878 1524 1069 1580 pericula
1116 1525 1258 1567 subire
1290 1540 1377 1567 non
1412 1524 1641 1567 dubitavit.

101 1581 220 1624 Hinc
240 1582 387 1638 itaque
407 1582 662 1625 Beatissime
683 1582 815 1624 Pater
836 1599 909 1639 spe
930 1583 1126 1624 ducimur
1146 1587 1263 1625 certa
1282 1582 1375 1625 fore
1394 1588 1445 1624 ut
1465 1582 1540 1624 Stas
1567 1583 1644 1624 Vra

99 1655 180 1696 pro
216 1656 291 1682 sua
323 1641 535 1697 singulari
568 1656 753 1696 vereque
788 1641 1038 1697 Apostolica
1073 1641 1307 1692 Charitate,
1330 1640 1465 1696 Regis
1505 1639 1644 1683 nostri

92 1698 394 1741 defensionem
414 1699 494 1741 hoc
521 1699 687 1740 difficili
718 1705 910 1765 tempore
946 1699 1148 1755 suscipiat
1180 1699 1304 1754 eique
1335 1699 1497 1741 auxilia
1531 1699 1597 1741 fei
1599 1704 1644 1741 at

84 1762 343 1812 ⁴opportuna
362 1757 518 1813 quibus
540 1772 615 1799 sua
634 1756 790 1813 Regna
810 1758 863 1799 ab
893 1757 1161 1813 iniquissima
1192 1757 1333 1799 valeat
1366 1758 1646 1814 usurpatione

100 1814 332 1856 vindicare.

188 1872 285 1915 Hoc
319 1872 441 1915 Sedis
471 1872 745 1929 Apostolicae
774 1872 924 1920 honos,
962 1873 1043 1915 hoc
1078 1872 1243 1929 Regiae
1278 1888 1428 1915 causae
1458 1873 1643 1930 justitia,

100 1930 266 1972 utilitas
296 1930 550 1987 Religionis,
573 1930 865 1972 Ecclesiarum
898 1931 1086 1973 maxime
1120 1936 1365 1973 nostrarum
1399 1931 1642 1982 necessitas,

95 1993 145 2030 et
179 1993 244 2030 tot
277 1989 518 2030 animarum
553 1995 726 2031 aeterna
758 1988 882 2037 salus.
906 1989 1089 2030 nimium
1123 1995 1335 2044 quantum
1369 1990 1643 2045 persuadent.

88 2046 221 2093 Quin
254 2047 384 2088 etiam
419 2063 474 2088 ex
508 2048 601 2097 hoc,
625 2047 677 2088 ad
699 2044 768 2089 Sns
799 2047 915 2089 Vrae
949 2052 1074 2102 parta
1109 2047 1200 2103 jam
1234 2047 1349 2103 apud
1388 2047 1529 2089 Deum
1563 2063 1644 2103 pro

86 2104 266 2155 ‘merita‚
291 2105 472 2147 accessio
504 2105 579 2147 fiet
610 2105 812 2160 perennis
845 2105 1006 2161 gloriae
1040 2105 1264 2147 maximae.
1339 2105 1563 2147 Postremo
1595 2110 1646 2147 ut

102 2162 183 2203 hoc
217 2163 355 2204 nostri
388 2163 509 2204 exilii
541 2168 744 2218 tempore,
783 2163 898 2218 quod
946 2163 1247 2205 brevissimum
1281 2162 1375 2205 fore
1411 2178 1643 2218 speramus,

86 2219 317 2262 ,Sanctitas
338 2221 494 2263 Vestra
515 2236 603 2263 non
623 2220 862 2277 gravetur
849 2221 1041 2276 inopiam
1070 2226 1261 2263 nostram
1292 2236 1392 2263 sane
1411 2221 1647 2262 maximam

100 2278 338 2329 sublevare,
373 2285 423 2320 ut
469 2279 585 2321 enim
633 2278 936 2321 Serenissimus
978 2278 1088 2329 Rex,
1125 2294 1204 2334 pro
1236 2278 1354 2320 virili
1384 2279 1509 2321 nobis
1545 2280 1644 2321 sub-

87 2336 249 2378 venire
282 2345 472 2387 conetur,
509 2343 653 2378 tamen
688 2337 1078 2378 munificehtissimi
1124 2337 1339 2392 Principis
1386 2337 1646 2378 exhaustum

102 2394 315 2436 aerarium
334 2395 549 2437 voluntati
560 2398 648 2436 nen
668 2395 909 2450 respondet.
970 2394 1126 2449 Itaque
1146 2410 1364 2436 recurrere
1377 2395 1570 2450 cogimur
1591 2396 1646 2436 ad

85 2452 387 2494 -certissimum
407 2452 660 2494 afflictorum
694 2452 946 2508 perfugium
980 2452 1272 2494 Beatitudinis
1291 2453 1472 2494 Vestrae
1488 2453 1642 2504 sinum,

101 2509 232 2565 cujus
264 2510 522 2552 Liberalitas
557 2511 700 2552 Deum
734 2510 912 2552 habebit
951 2510 1347 2552 Remuneratorem.
1410 2511 1456 2552 Is
1495 2511 1643 2553 Beati-

100 2567 299 2610 tudinem
318 2569 520 2610 Veslram
540 2568 671 2624 longa
693 2573 735 2610 et
755 2568 1003 2610 felicissima
1033 2568 1279 2610 valetudine
1306 2568 1523 2610 Ecclesiae
1544 2584 1645 2610 suae

89 2630 244 2667 servet
263 2626 518 2668 incolumen.
580 2627 653 2668 Ad
675 2642 814 2668 sacros
835 2641 938 2681 ergo
958 2626 1087 2682 pedes
1107 2626 1324 2682 provoluti
1350 2626 1646 2682 Apostolicam

93 2682 443 2726 *benedictionem
463 2689 749 2740 expectamus.

625 2796 881 2839 Beatissime
902 2796 1034 2838 Pater

623 2855 914 2896 Beatitudinis
934 2855 1126 2897 Vestrae.
