1887 3188
392 108 725 137 CLONMAoNfflsE
756 109 807 136 As
837 109 867 136 A
898 109 1161 137 SUFFRAGAN
1193 111 1386 141 D100EsE.
1578 99 1660 143 131

114 215 261 252 nostro
281 210 518 252 Hiberniae
533 226 609 266 per
625 209 949 251 translationem
964 210 1071 253 Rev.
1095 211 1238 254 Patris
1258 213 1348 256 Dni
1365 214 1552 258 Thomae
1573 217 1662 259 eius

114 268 337 320 novissimi
375 268 580 324 Episcopi
618 269 672 309 ad
711 268 1141 323 Archiepiscopatum
1182 270 1463 315 Tuamensem
1497 289 1658 326 vacare,

115 325 418 368 Venerabilem
447 341 495 367 ac
516 326 767 381 religiosum
786 326 930 366 virum
949 326 1131 368 fratrem
1153 327 1413 375 Quintinum
1435 331 1659 389 Ohnygyn

111 384 276 425 ordinis
315 383 550 434 Minorum,
592 384 737 425 virum
767 383 952 434 doctum,
991 399 1179 439 gravem,
1222 387 1576 444 circumspectum
1617 397 1659 432 et

112 442 294 497 probum
308 441 545 482 multorum
560 441 804 483 testimonio
824 441 1011 483 maxime
1033 442 1234 485 idoneum
1255 460 1343 487 esse
1365 448 1654 502 cognovimus,

109 499 187 554 qui
207 499 347 540 dictae
373 499 573 541 ecclesiae
603 499 863 555 preficiatur.
927 499 1199 556 Quapropter
1234 502 1389 545 Vestre
1422 505 1658 548 Sanctitate

109 558 252 612 ipsum
271 557 628 606 commendamus,
643 572 821 612 eamque
841 572 1055 612 rogamUS‚
1076 563 1126 600 ut
1147 560 1299 601 eudem
1318 560 1498 604 fratrem
1521 563 1655 610 Quin-

109 615 249 656 tinum
289 615 533 670 praedictae
574 614 823 656 Cathedrali
861 615 1078 657 Ecclesiae
1119 616 1342 659 Cluacensi
1381 636 1458 675 per
1497 621 1656 662 dictam

110 673 437 714 translationem
467 673 639 714 vacanti
658 673 888 729 praeficere
909 678 952 714 et
975 674 1238 736 Episcopum
1269 678 1528 720 constituere
1560 679 1654 735 dig-

108 738 250 781 netur,
292 746 421 786 quem
456 736 505 772 ut
545 731 638 772 Deo
669 736 904 786 acceptum,
938 730 997 773 sic
1027 733 1258 787 perutilem
1288 734 1427 776 eidem
1458 736 1657 779 ecclesiae

107 794 323 843 pastorem
358 788 552 830 futurem
592 788 865 830 arbitramur.
946 789 1006 830 Et
1040 789 1289 833 felicissime
1328 793 1469 835 valeat
1510 795 1656 836 eadem

108 847 265 888 Vestra
285 846 512 888 Sanctitas.
541 863 544 867 ·
576 846 716 894 Quam
737 846 855 888 Deus
874 845 1126 890 Altissimus
1146 848 1399 905 longaevam
1421 858 1655 904 conservet,

106 904 177 945 Ex
207 904 376 946 Palatio
396 910 543 946 nostro
571 904 789 946 Grenwici
812 904 882 946 die
902 905 1023 947 xviii.
1046 906 1076 948 J
1077 906 1183 958 uini,
1205 907 1267 949 M.
1290 908 1344 950 D.
1367 909 1467 952 XV.

193 961 437 1018 E(iusdem)
463 961 686 1018 V(estrae)
719 962 1005 1018 S(anctita)tis

339 1020 656 1062 Devotissimus
686 1025 815 1076 atque
846 1021 1254 1076 obsequentissimus
1274 1024 1389 1067 filius
1409 1026 1492 1068 Dei
1514 1028 1655 1083 gratia

454 1078 553 1120 Rex
572 1077 787 1135 Angeliae
818 1084 860 1120 et
880 1079 1091 1122 Franciae
1119 1096 1164 1122 as
1184 1082 1397 1125 Dominus
1417 1084 1656 1128 Hiberniae

976 1138 1229 1189 HENRICUS,

1197 1197 1302 1240 And
1321 1199 1593 1243 Ammonius.

103 1365 361 1408 Beatissime
383 1370 518 1421 pater,

193 1423 303 1465 Cum
333 1439 410 1480 per
431 1423 756 1465 translationem
787 1424 906 1465 Rndi
934 1424 984 1465 P.
1009 1424 1067 1467 D.
1091 1425 1278 1469 Thomae
1299 1428 1502 1485 Episcopi
1524 1429 1650 1472 Clua-

102 1481 247 1523 nensis
262 1482 317 1523 ad
331 1482 705 1537 metropolitanam
723 1482 944 1524 ecclesiam
967 1483 1261 1535 Tuamensem,
1284 1485 1377 1542 ipsa
1398 1486 1651 1531 Cluanensis

102 1539 302 1582 ecclesiae
318 1544 452 1590 vacet,
469 1540 808 1595 supplicaritque
823 1540 1048 1583 humiliter
1068 1542 1300 1584 Sanctitati
1320 1544 1502 1587 Vestrae
1522 1547 1648 1589 devo-

103 1598 292 1639 tissimus
323 1598 412 1639 eius
443 1598 558 1639 filius
580 1598 723 1640 Sermus
742 1598 960 1640 Henricus
984 1598 1174 1656 Angliae
1207 1605 1285 1643 etc.
1309 1601 1420 1653 Rex,
1443 1608 1493 1644 ut
1513 1604 1652 1648 eidem

99 1656 300 1697 ecclesiae
330 1656 383 1698 de
417 1671 598 1711 persona
631 1656 823 1712 religiosi
843 1657 928 1699 viri
961 1657 1164 1704 Quintini
1195 1659 1421 1716 Ohnygim
1450 1662 1648 1717 provide-

99 1719 242 1756 retur:
277 1714 492 1757 Sanctitas
504 1714 662 1756 Vestra
683 1715 752 1756 (116
786 1748 793 1756 .
829 1746 837 1754 .
872 1747 882 1756 .
913 1716 1024 1757 mihi
1045 1716 1271 1768 commisit,
1286 1723 1336 1759 ut
1349 1719 1402 1760 de
1418 1720 1649 1762 existentia

98 1771 311 1823 ecclesiae,
326 1787 494 1814 necnon
509 1772 560 1814 de
575 1772 855 1827 qualitatibus
876 1777 920 1815 et
934 1774 1101 1816 meritis
1113 1776 1394 1830 promovendi
1415 1778 1649 1834 diligenter

97 1830 359 1886 inquirerem
382 1835 425 1872 et
446 1830 601 1872 deinde
622 1831 674 1872 de
705 1831 904 1873 omnibus
933 1832 1041 1873 bene
1072 1832 1332 1875 informatus
1353 1834 1400 1876 in
1420 1836 1501 1877 hoc
1530 1852 1647 1879 sacro

96 1888 188 1930 loco
219 1888 440 1930 referrem.
502 1888 640 1944 Super
661 1889 817 1944 quibus
838 1905 893 1931 ex
913 1890 1180 1946 depositione
1209 1892 1338 1934 unius
1360 1894 1482 1935 testis
1506 1896 1646 1937 medio

95 1947 367 1988 inuramento
389 1946 636 1996 examinati,
659 1946 845 1995 invenio,
869 1949 997 2003 quod.

183 2005 241 2046 111
267 2004 496 2061 Hybernia
526 2004 677 2046 Insula
707 2005 754 2046 in
783 2007 1007 2060 provincia
1034 2006 1264 2049 Tuamensi
1296 2013 1361 2050 est
1392 2009 1645 2053 Cluanensis

94 2063 259 2114 civitas,
281 2063 421 2119 posita
452 2062 567 2104 inter
598 2063 741 2119 sylvas
771 2063 982 2105 orientam
1007 2080 1167 2115 versus,
1190 2080 1384 2107 casarum
1414 2067 1506 2109 fere
1536 2070 1639 2111 duo-

92 2122 231 2163 decim
251 2137 306 2163 ex
320 2121 555 2163 viminibus
576 2126 619 2162 et
638 2121 773 2176 palea,
789 2127 965 2178 propter
978 2137 1108 2178 quam
1129 2138 1153 2164 a
1173 2123 1269 2165 leva
1288 2124 1450 2166 labitur
1466 2127 1641 2181 quidam

91 2179 262 2230 fluvius,
286 2179 362 2235 qui
382 2194 529 2221 eorum
549 2178 702 2235 lingua
729 2179 855 2221 Sinin
875 2180 1047 2230 dicitur,
1070 2185 1113 2222 et
1133 2181 1265 2223 distat
1286 2197 1311 2223 a
1330 2183 1441 2224 mari
1460 2199 1537 2239 per
1557 2185 1641 2227 iter

90 2238 219 2279 unius
239 2237 337 2279 diei.
398 2236 443 2278 A
463 2237 640 2279 dextero
659 2237 794 2279 latere
815 2238 869 2279 ad
890 2238 1154 2281 occidentem
1175 2244 1240 2281 est
1260 2240 1460 2283 ecclesiae
1483 2242 1637 2285 Cathe-

91 2295 223 2337 dralis
254 2295 516 2346 semidiruta,
549 2295 641 2336 sine
671 2300 798 2346 tecto,
828 2310 926 2337 cum
955 2312 1042 2339 uno
1072 2301 1245 2339 tantum
1277 2298 1406 2340 altari
1440 2306 1638 2356 cooperto

89 2353 306 2404 stramine,
337 2354 501 2395 habens
531 2353 757 2409 parvulam
789 2353 1026 2396 sacristiam
1058 2369 1156 2396 cum
1189 2371 1276 2398 uno
1308 2361 1480 2398 tantum
1511 2374 1633 2413 para-

87 2417 233 2453 mento
255 2417 298 2453 et
311 2426 435 2453 cruce
456 2427 511 2454 ex
530 2427 639 2453 aere.
704 2411 850 2453 Habet
865 2412 1104 2468 campanile
1123 2428 1221 2455 cum
1236 2414 1387 2456 duabis
1402 2417 1634 2471 campanis.

84 2469 200 2511 Raro
221 2469 462 2512 celebratur
481 2469 624 2510 missa.
686 2469 744 2510 In
765 2485 814 2511 ea
834 2474 899 2512 est
919 2485 1071 2526 corpus
1091 2471 1221 2513 unius
1240 2471 1369 2514 Beati
1389 2473 1633 2529 Hybernici

82 2528 203 2569 cuius
229 2543 387 2569 nomen
411 2528 534 2569 testis
554 2528 740 2583 ignorat,
761 2532 805 2569 et
826 2528 905 2570 sub
932 2528 1024 2570 eius
1053 2529 1324 2572 invocatione
1354 2536 1419 2573 est
1439 2532 1628 2584 ecclesia,

78 2601 188 2641 quae
209 2590 273 2627 est
292 2585 450 2627 valoris
469 2585 789 2642 trigintatrium
809 2586 1074 2637 ducatorum,
1098 2587 1153 2629 ad
1173 2603 1304 2643 quam
1324 2603 1535 2632 summam
1562 2597 1627 2633 est

80 2648 230 2685 taxata
249 2643 297 2685 in
310 2643 434 2685 libris
455 2643 658 2685 Gamerae
677 2643 846 2685 fructus
866 2649 1065 2686 constant
1085 2661 1140 2687 ex
1159 2645 1379 2689 frumento
1401 2652 1444 2689 et
1464 2649 1604 2691 ordeo.

167 2700 241 2743 Ad
262 2716 356 2743 eam
380 2701 546 2757 petitur
564 2702 808 2757 promoveri
827 2702 1100 2745 Venerabilis
1128 2702 1266 2746 frater
1297 2704 1547 2756 Quintinus,
1579 2707 1626 2749 in

85 2760 395 2814 presbiteratus
425 2759 574 2801 ordine
608 2760 868 2802 constitutus
900 2761 1064 2803 ordinis
1095 2761 1330 2812 Minorum,
1361 2763 1429 2805 vir
1464 2764 1627 2815 doctus,

82 2817 363 2873 praedicator,
385 2817 508 2860 bonis
529 2817 720 2859 moribus
740 2822 784 2860 et
803 2817 921 2860 fama
941 2818 1123 2875 aliisque
1138 2819 1372 2863 virtutibus
1391 2823 1627 2878 praeditus,
