1887 3188
367 137 604 166 EPISCOPAL
634 137 886 166 SUCCESSION
919 138 968 165 ΙΝ
999 137 1344 166 cnommcxmsa.
1563 126 1659 167 109=

81 240 291 282 conducat
312 239 403 281 sine
423 239 715 281 titulariorum
735 238 988 280 clericorum
1003 239 1072 280 vel
1092 239 1478 295 proprietariorum
1511 239 1657 282 licen-ff

85 298 147 339 tia
168 303 211 339 et
231 313 454 339 consensu.

170 356 209 397 7.
243 355 454 397 Volumus
475 360 518 396 et
548 354 812 396 declaramus
844 359 893 395 ut
924 354 1117 409 personis
1149 354 1463 396 Ecclesiasticis
1485 355 1642 397 immu-

81 413 196 455 nitas
216 429 292 469 per
312 428 494 454 canones
514 418 557 454 et
579 412 771 453 Concilia
792 412 1076 453 Oecumencia
1111 427 1307 454 concessa
1339 413 1387 454 in
1423 413 1505 455 hac
1541 429 1644 469 pro-

81 471 225 513 vincia
245 471 506 512 observetur.
568 470 653 511 Per
674 470 754 511 hoc
775 475 921 511 tamen
942 485 1030 511 non
1050 470 1318 511 intendimus
1341 476 1392 511 ut
1415 471 1644 526 praefatae

81 544 285 584 personae
302 529 388 570 sint
401 528 576 570 omnino
589 528 801 568 immunes
817 543 841 568 a
854 528 1165 569 contribuendo
1182 529 1235 568 ad
1253 543 1453 583 praesens
1475 529 1642 571 bellum

80 602 157 642 pro
177 587 342 628 ratione
362 586 621 627 facultatum
641 585 710 626 vel
722 590 850 640 prout
871 585 1118 627 discretioni
1141 586 1361 627 Ordinarii
1381 587 1450 627 vel
1472 587 1636 628 Metro-

78 644 261 700 politani
282 650 615 685 consentaneum
638 643 864 693 videbitur,
885 644 995 684 sicut
1010 643 1156 684 nullus
1170 644 1216 684 in
1237 644 1305 685 his
1327 644 1454 699 regni
1476 660 1637 700 angus-

79 702 152 743 tiis
172 718 197 743 a
216 702 400 758 publicis
421 701 814 743 contributionibus
835 701 1088 743 eximendus
1110 707 1185 752 est,
1205 702 1395 757 exceptis
1417 703 1644 744 medican--

85 760 213 802 tibus.

167 819 205 859 8.
241 817 467 859 Caeterum
486 817 592 858 haec
626 816 918 872 Congregatio
951 822 1094 858 censet
1125 822 1167 858 et
1198 817 1389 859 declarat
1410 818 1626 859 serenissi-

77 891 198 917 mum
228 875 536 931 Lotharingiae
557 875 723 916 Ducem
744 890 832 916 esse
866 874 1185 917 Catholicorum
1223 876 1357 932 hujus
1391 876 1517 931 regni
1547 876 1647 918 Re·-

80 934 201 989 gium
232 934 536 983 Protectorem,
575 947 757 988 eumque
793 938 996 987 tanquam
1033 933 1165 974 talem
1197 938 1390 988 acceptat
1420 940 1462 975 et
1494 935 1645 976 obviis,

77 992 193 1033 ulnis
225 991 499 1047 amplectitur
531 996 573 1033 et
607 992 684 1032 sub
717 1006 853 1045 poena
886 991 1339 1033 excommunicationis
1380 991 1494 1033 latae
1537 1008 1630 1034 sen-

77 1049 250 1098 tentiae,
294 1065 347 1091 ne
368 1049 482 1091 ullus
503 1049 812 1106 cujuscumque
853 1049 1110 1090 conditionis
1150 1049 1220 1091 vel
1262 1050 1422 1105 gradus
1459 1049 1533 1091 ille
1565 1051 1648 1101 sit,>

77 1112 290 1149 attentare
322 1113 566 1163 praesumat
601 1107 864 1148 contrarium
898 1122 1084 1148 asserere
1119 1123 1196 1163 per
1218 1123 1260 1148 se
1292 1108 1363 1149 vel
1392 1123 1469 1163 per
1500 1108 1634 1150 alium

78 1166 239 1207 directe
258 1166 330 1207 vel
349 1166 558 1207 indirecte
579 1164 744 1206 occulte
764 1164 834 1206 vel
853 1164 1093 1215 manifeste,
1117 1165 1321 1220 prohibit.

165 1224 204 1264 9.
238 1223 476 1265 Statuimus
512 1228 555 1264 et
587 1223 834 1264 ordinamus
869 1228 919 1263 ut
960 1227 1054 1264 acta
1093 1223 1227 1279 hujus
1270 1223 1632 1279 Congregationis

79 1281 262 1337 singulis
282 1282 499 1323 mensibus
513 1296 590 1336 per
604 1280 798 1334 singulos
813 1280 1054 1336 Regulares
1076 1286 1312 1322 conventus
1333 1287 1375 1322 et
1387 1282 1633 1336 parrochias

77 1339 212 1396 hujus
228 1339 481 1381 Provinciae
501 1339 615 1380 inter
636 1339 868 1379 Missarum
889 1339 1095 1380 solemnia
1126 1339 1482 1394 promulgentum
1503 1341 1633 1395 idque

74 1397 264 1453 incipere
285 1398 468 1439 debeant
486 1397 627 1452 prima
639 1396 867 1437 Dominica
885 1401 982 1451 post
994 1397 1187 1438 habitam
1201 1397 1401 1438 notitiam
1414 1405 1606 1439 actorum
1622 1414 1630 1440 :

74 1455 349 1511 injungimus
369 1455 499 1497 etiam
518 1454 744 1496 ordinariis
764 1459 814 1495 ut
835 1470 883 1496 ea
902 1455 1115 1510 publicari
1127 1459 1289 1497 curent.
1336 1455 1419 1497 Die
1432 1456 1486 1497 29
1509 1456 1539 1497 J
1540 1456 1632 1507 ulii,

166 1571 233 1613 10.
266 1571 333 1613 De
353 1586 560 1613 consensu
589 1569 1064 1612 Reverandissimorum
1084 1570 1196 1612 D.D.
1231 1576 1274 1612 et
1304 1571 1486 1612 Patrum
1514 1571 1627 1614 dele-

78 1629 171 1685 gati
206 1634 308 1671 sunt
339 1645 394 1671 ex
427 1634 611 1684 utroque
644 1628 756 1670 clero
777 1628 832 1669 ad
863 1628 1161 1670 assistendum.
1197 1629 1270 1670 111.
1294 1629 1348 1670 D.
1372 1629 1557 1671 Primati
1587 1637 1631 1672 et

76 1687 243 1729 Revmo
275 1687 330 1729 D.
367 1687 632 1728 Kilmorensi
667 1686 713 1728 in
753 1686 1026 1741 perficiendis
1066 1692 1109 1728 et
1150 1687 1420 1729 obsolvendis
1451 1687 1630 1743 reliquis

75 1745 290 1802 negotiis;
321 1745 534 1795 videlicet,
558 1761 580 1787 e
601 1745 714 1786 clero
735 1744 941 1786 saeculari
961 1744 1068 1786 Rev,
1101 1745 1331 1786 admodum
1361 1745 1415 1787 D.
1449 1745 1648 1788 Thomas.

79 1803 242 1859 Brady,
283 1802 626 1845 Archidiaconus
667 1802 980 1853 Kilmorensis;
1023 1803 1131 1844 Rev.
1172 1803 1227 1845 D.
1269 1803 1299 1844 J
1301 1818 1461 1845 oannes
1502 1803 1623 1855 Thie,

80 1861 279 1903 Decanus
300 1861 618 1913 Glocherensis;
657 1865 700 1903 et
721 1860 830 1903 Rev.
866 1861 919 1903 D.
947 1861 1145 1902 Donatus
1181 1861 1397 1917 Georgan,
1432 1862 1630 1904 Decanus

79 1918 391 1970 Kilmorensis3
414 1919 485 1961 vel
505 1919 648 1975 aliquo
670 1934 818 1960 eorum
838 1918 1062 1961 deficiente
1084 1924 1158 1960 aut
1188 1919 1407 1974 impedito,
1431 1919 1539 1961 Rev.
1573 1921 1627 1962 D.

79 1977 329 2019 Bernardus
348 1977 495 2033 Kelly‚
518 1977 672 2019 Pastor
684 1977 970 2019 Kilmorensis
987 1993 995 2018 ε
1014 1993 1037 2018 e
1058 1977 1171 2019 clero
1191 1993 1293 2018 vero
1313 1977 1505 2033 regulari
1520 1978 1628 2020 Rev.

81 2036 311 2077 admodum
341 2034 561 2077 Antonius
583 2035 913 2090 Geogheganus‚
943 2034 1091 2076 Abbas
1124 2036 1176 2076 de
1207 2035 1485 2091 Kilbeggan3
1519 2036 1627 2078 ReV.

81 2094 311 2135 admodum
331 2093 380 2134 P.
404 2093 588 2134 Thomas
604 2093 703 2134 Mac
724 2092 931 2143 Kiernan,
949 2093 1256 2134 Minoritarum
1271 2093 1626 2148 exprovincialis3

81 2151 190 2193 Rev.
213 2152 264 2193 P.
287 2151 317 2193 J
319 2152 473 2193 acobus
495 2151 653 2207 Crelly,
672 2151 797 2192 Prior
810 2151 862 2193 de
884 2150 1163 2206 Oarlingford
1181 2167 1190 2202 ;
1219 2151 1290 2192 vel
1310 2151 1455 2206 aliquo
1482 2166 1629 2193 eorum

79 2209 298 2265 impedito,
335 2209 443 2251 Rev.
479 2209 530 2251 P.
572 2209 794 2250 Antonius
829 2209 1046 2259 Gravanus,
1080 2209 1343 2265 guardianus
1378 2210 1431 2250 de
1467 2209 1625 2251 Cavan.

84 2267 311 2309 Caeterum
331 2282 477 2309 omnes
505 2267 864 2323 Congregationis
885 2267 1037 2308 Patres
1067 2266 1183 2308 infra
1211 2266 1360 2322 scripti
1391 2272 1564 2322 gratum
1585 2275 1641 2310 et

82 2330 225 2367 ratum
253 2325 447 2367 habituri
478 2330 589 2376 sunt,
628 2325 840 2380 quidquid
870 2340 948 2380 per
982 2325 1089 2366 tales
1121 2324 1339 2380 delegatos
1369 2325 1632 2367 determina--

82 2383 213 2425 bitur.
583 2403 585 2407 ¹

171 2441 238 2484 11.
271 2441 499 2483 Praeterea
538 2441 691 2483 iisdem
728 2440 937 2496 delegatis
978 2439 1267 2496 Congregatio
1307 2440 1538 2482 committit
1577 2448 1628 2483 ut

81 2514 228 2541 curam
256 2499 505 2555 relinquant
531 2499 709 2541 Revmo.
742 2499 797 2540 D.
823 2498 1261 2540 Cluainmacnosiensi
1280 2498 1484 2553 Episcopi
1504 2503 1548 2540 et
1567 2499 1623 2541 D.

80 2557 124 2599 N
126 2557 290 2599 icholae
309 2557 429 2599 Bern
457 2557 724 2613 procuratori
743 2556 1106 2598 Reverendissimi
1138 2556 1367 2607 Dunensis‚
1390 2561 1433 2597 et
1463 2556 1517 2598 R.
1550 2558 1624 2598 ad-

79 2615 256 2657 modum
275 2615 328 2657 D.
351 2614 544 2657 Antonio
558 2614 822 2670 Geoghegan
834 2614 998 2656 Abbati
1017 2615 1069 2656 de
1082 2614 1333 2670 Kilbeggan
1348 2630 1357 2665 ;
1375 2618 1424 2655 ut
1436 2619 1626 2657 mentem

83 2678 126 2714 et
147 2678 241 2714 acta
260 2673 393 2730 hujus
415 2673 773 2729 Congregationis
803 2672 1005 2728 praelatis
1036 2672 1211 2713 sinceris
1242 2672 1506 2726 reliquarum
1525 2688 1623 2728 pro-

82 2730 323 2772 vinciarum
342 2731 556 2781 intiment,
589 2746 743 2786 eosque
773 2736 928 2785 rogent
957 2735 1007 2771 ut
1037 2730 1274 2785 dignentur
1295 2729 1440 2771 sedulo
1460 2729 1507 2771 in
1538 2731 1626 2773 suis

83 2789 318 2845 respective
337 2789 570 2844 provinciis
590 2788 774 2830 formam
793 2788 949 2829 horum
969 2792 1161 2829 actorum
1180 2787 1355 2828 imitari.

171 2847 238 2889 12.
270 2846 438 2888 Deinde
477 2846 848 2889 Reverendissimo
887 2845 941 2887 D.
985 2845 1423 2889 Gluainmacnosiensi
1472 2849 1516 2888 et
1563 2846 1619 2889 D.
