1887 3188
224 115 307 157 146
743 126 925 154 Diocnsn
955 126 1009 154 OF
1040 125 1230 153 ARDAGH

223 229 501 286 exposcendo,
533 233 577 272 et
606 228 723 271 hisce
753 232 906 270 notum
945 243 994 269 ac
1027 226 1308 268 manifestum
1344 225 1528 268 facimus
1567 225 1773 268 universo

222 288 393 344 populo,
425 288 522 330 illos
556 286 734 329 minime
772 285 912 328 teneri
952 285 1006 327 ad
1045 284 1332 326 obedientiam
1362 284 1470 326 dicti
1503 283 1770 326 Marchionis

223 346 438 388 mandatis
487 350 562 387 aut
601 343 782 386 decretis
820 343 1134 400 praestandam,
1178 342 1252 384 sed
1291 342 1446 384 debere
1490 341 1588 384 illos
1634 342 1772 384 donee

223 404 440 460 generalia
468 402 595 460 regni
624 402 798 445 comitia
831 401 1050 444 commode
1080 400 1305 442 convocari
1333 399 1512 456 possint,
1544 400 1773 442 unanimes

224 467 336 503 stare
375 467 525 504 contra
568 475 837 503 communem
884 459 1052 501 hostem
1099 473 1178 515 pro
1228 457 1477 500 defensione
1524 457 1771 500 Catholicae

225 519 480 576 Religionis,
503 519 635 575 regiis
663 518 847 575 juribus,
868 517 1080 567 libertate,
1104 516 1209 566 vita,
1232 520 1275 558 et
1305 515 1494 558 fortunis
1525 516 1612 557 suis
1641 516 1771 573 juxta

223 578 519 634 juramentum
551 576 852 626 associationis‚
890 579 933 617 et
965 574 1143 616 interim
1174 574 1400 616 observare
1434 582 1565 630 atque
1599 574 1772 616 obedire

223 636 387 677 formae
417 634 618 692 gubernii
638 649 662 675 a
683 632 1029 690 Congregatione
1057 632 1423 689 praescribendae,
1445 632 1580 674 donec
1600 631 1727 674 aliter
1748 647 1773 673 a

225 693 422 736 Comitiis
462 692 745 735 Generalibus
785 695 1012 742 statuatur,
1048 690 1119 732 vel
1158 690 1246 733 Sua
1277 690 1488 747 Majestas
1528 705 1656 746 super
1689 690 1775 733 hoc

223 751 417 794 consulta
437 751 555 793 aliud
573 749 846 807 praescribat.

281 809 341 851 Et
379 824 456 851 nos
505 808 757 865 adjunctam
803 806 1289 849 excommunicationem
1328 806 1489 857 eadem,
1531 821 1618 862 qua
1665 806 1775 849 haec

223 867 465 917 declaratio,
503 867 572 908 die
607 866 752 907 datam
785 864 1069 906 fulminamus
1097 864 1145 906 in
1177 880 1324 906 omnes
1356 865 1433 921 qui
1466 865 1570 907 huic
1598 869 1773 907 nostrae

222 924 500 968 declarationi
519 924 860 966 adversabuntur
880 928 955 964 aut
976 938 1065 964 sese
1085 928 1314 978 opponent.

279 983 369 1025 Vos
400 998 512 1030 vero,
547 982 584 1024 O
617 981 854 1023 Christiani
885 986 929 1022 et
964 981 1189 1032 Catholici,
1220 981 1461 1023 luctuosam
1490 980 1603 1023 hanc
1631 979 1770 1022 decla-

220 1041 431 1083 rationem
471 1055 599 1096 quam
638 1039 820 1081 afflictae
858 1038 1098 1081 Hiberniae
1137 1039 1403 1081 calamitates
1441 1043 1486 1081 et
1531 1038 1773 1081 infortunia

221 1099 344 1141 nobis
383 1099 623 1140 elicuerunt
662 1103 706 1139 et
745 1101 1032 1148 extorserunt,
1073 1096 1230 1139 lecturi
1274 1097 1528 1154 persuadete
1567 1096 1689 1139 vobis
1729 1103 1773 1139 et

222 1157 393 1207 credite,
416 1156 540 1198 nobis
559 1156 668 1197 bene
689 1155 912 1211 cognitum
937 1170 1027 1197 esse
1054 1160 1098 1197 et
1123 1161 1398 1212 perspectum
1425 1155 1541 1211 quod
1569 1170 1772 1211 praesens

220 1215 354 1272 hujus
385 1214 573 1256 nationis
598 1213 786 1255 conditio
809 1213 992 1255 inclinet
1014 1213 1145 1270 majis
1178 1219 1221 1256 et
1244 1220 1399 1270 vergat
1434 1214 1489 1255 ad
1523 1214 1696 1255 ruinam
1728 1218 1772 1255 et

221 1273 560 1329 desperationem
610 1287 740 1327 quam
789 1272 844 1313 ad
892 1272 1249 1314 restaurationem
1298 1278 1342 1314 et
1390 1271 1769 1327 recuperationem.

219 1331 514 1373 Nihilominus
534 1330 717 1371 nitimur
735 1344 896 1386 magna
915 1330 1001 1372 Dei
1018 1329 1313 1372 misericordia
1333 1330 1410 1386 qui
1428 1334 1572 1386 potest
1601 1329 1773 1371 auferre

220 1395 263 1431 et
293 1404 318 1430 a
348 1389 471 1430 nobis
505 1403 724 1430 removere
757 1388 908 1444 gravia
938 1388 1029 1430 irae
1061 1404 1173 1439 suae,
1201 1388 1307 1431 belli
1336 1393 1380 1431 et
1413 1388 1559 1445 pestis,
1596 1388 1769 1439 indicia,

221 1448 257 1489 si
295 1447 600 1502 iniquitatibus
644 1446 826 1502 abjectis
864 1446 1002 1488 vitam
1051 1446 1421 1489 emendaverimus
1470 1451 1514 1488 et
1563 1451 1772 1502 tanquam

219 1506 391 1561 parvuli
421 1506 468 1546 in
500 1504 643 1546 sinum
673 1504 844 1546 divinae
873 1505 1190 1547 misericordiae
1217 1504 1553 1561 confugerimus.
1615 1504 1773 1560 Itaque

221 1564 331 1605 sicut
351 1563 584 1605 clamamus
610 1562 665 1604 ad
692 1562 857 1605 coelum
889 1570 933 1605 et
967 1564 1069 1605 inde
1100 1563 1437 1605 misericordiam
1472 1578 1686 1619 rogamus,
1709 1563 1771 1604 ita

220 1622 457 1663 identidem
476 1621 691 1663 fateamur
711 1636 809 1663 cum
828 1621 1064 1677 lachrymis
1085 1626 1127 1663 et
1143 1637 1424 1678 agnoscamus
1445 1621 1601 1663 delicta
1624 1626 1772 1662 nostra

222 1685 265 1721 et
300 1695 397 1721 cum
429 1679 545 1721 Isaia
564 1678 784 1734 Propheta
816 1679 1177 1735 ingemiscamus:
1223 1684 1249 1702 “
1266 1680 1497 1722 cecidimus
1530 1678 1653 1735 quasi
1692 1678 1772 1720 flos

220 1737 413 1779 universi
444 1742 487 1779 et
517 1737 769 1793 iniquitates
800 1744 972 1779 nostrae
1005 1739 1129 1793 quasi
1162 1743 1319 1780 ventus
1352 1738 1624 1780 abstuleer
1650 1735 1767 1778 nos.’'

221 1795 323 1838 Non
355 1800 420 1838 est
454 1795 531 1851 qui
563 1795 734 1837 invocet
767 1811 925 1837 nomen
959 1800 1085 1837 tuum
1116 1796 1327 1838 Domine:
1361 1811 1449 1838 non
1473 1801 1538 1838 est
1562 1794 1639 1851 qui
1670 1810 1768 1838 con-

222 1859 372 1909 surgat
393 1858 435 1895 et
455 1858 600 1895 teneat
620 1858 675 1895 te.
737 1853 1016 1896 Abscondisti
1048 1854 1205 1896 faciem
1228 1859 1350 1896 tuam
1374 1870 1399 1896 a
1428 1854 1564 1905 nobis,
1598 1853 1770 1895 allisisti

220 1927 298 1953 nos
319 1912 365 1952 111
384 1927 516 1952 manu
534 1911 778 1966 iniquitatis
804 1917 989 1954 nostrae.
1051 1913 1173 1954 Haec
1197 1913 1334 1954 oratio
1361 1928 1416 1954 ex
1445 1913 1572 1955 corde
1601 1911 1771 1968 prolata

221 1985 299 2011 nos
319 1969 434 2011 coelo
455 1974 498 2011 et
526 1970 651 2011 nobis
675 1969 841 2011 coelum
868 1970 1164 2012 reconciliabit
1194 1975 1238 2013 et
1260 1975 1285 1993 ‘⁶
1302 1970 1495 2027 quiescat
1520 1970 1587 2012 ira
1613 1970 1698 2012 Dei
1725 1975 1770 2012 et

223 2028 304 2070 erit
324 2027 546 2083 placabilis
567 2043 695 2084 super
713 2028 880 2070 malitia
899 2028 1050 2085 populi
1071 2027 1180 2070 sui.''

283 2085 490 2133 Quamvis
528 2085 597 2127 vir
638 2086 710 2128 hic
749 2086 908 2128 nobilis
947 2087 1066 2128 aliud
1104 2086 1219 2129 nihil
1257 2086 1381 2129 nobis
1420 2086 1646 2142 reliquerit
1685 2086 1771 2128 nisi

222 2143 532 2194 infirmitatem,
553 2143 755 2200 inopiam,
778 2149 821 2186 et
842 2144 1160 2196 desolationem,
1183 2145 1379 2201 quamvis
1401 2144 1539 2187 hostis
1560 2145 1616 2187 sit
1636 2144 1773 2195 dives,

222 2202 361 2253 fortis,
399 2207 442 2244 et
479 2207 633 2257 potens
671 2202 827 2245 fortior
865 2208 1012 2245 tamen
1052 2208 1095 2245 et
1133 2203 1351 2259 potentior
1390 2208 1455 2245 est
1492 2203 1623 2245 Deus.
1687 2203 1771 2244 Ille

223 2260 430 2317 adjuvare
459 2275 537 2301 nos
567 2265 710 2315 potest
745 2265 788 2302 et
822 2276 900 2317 pro
932 2261 1039 2303 “sui
1069 2261 1258 2303 nominis
1293 2261 1432 2317 gloria
1462 2260 1665 2303 liberabit
1693 2276 1771 2302 nos

223 2318 342 2360 Deus
361 2317 527 2368 Eliae‚''
549 2318 815 2360 mirabilium
835 2323 879 2361 et
898 2319 1203 2361 miraculorum
1231 2319 1351 2361 Deus
1381 2319 1464 2361 erit
1492 2334 1609 2361 nunc
1640 2319 1771 2361 etiam

224 2377 337 2431 apud
369 2376 587 2418 Hibernos
623 2376 659 2417 si
690 2376 797 2419 fides
828 2382 976 2419 nostra
1010 2377 1136 2419 firma
1168 2377 1225 2419 sit
1252 2383 1295 2419 et
1327 2377 1516 2419 actiones
1551 2382 1692 2419 rectae
1723 2392 1776 2419 ac·

225 2435 425 2475 sincerae.
489 2433 801 2476 Concludemus
821 2450 920 2477 cum
949 2435 992 2477 S.
1015 2435 1165 2486 Paulo,
1187 2435 1263 2477 illo
1284 2435 1519 2492 sapientiae
1549 2450 1705 2477 oceano
1727 2441 1770 2477 et

225 2492 422 2547 gentium
452 2492 652 2534 doctore:
686 2492 745 2534 Si.
777 2493 895 2535 Deus
930 2508 1009 2550 pro
1043 2493 1180 2544 nobis,
1217 2493 1315 2548 quis
1349 2498 1499 2535 contra
1524 2508 1603 2535 nos
1619 2494 1640 2535 ⁴?
1675 2494 1774 2549 quis

225 2550 439 2591 accusabit
460 2549 663 2591 adversus
693 2550 849 2593 electos
878 2551 998 2593 Dei?
1058 2552 1177 2593 Deus
1207 2551 1284 2606 qui
1309 2551 1545 2608 justificat3
1579 2551 1677 2606 quis
1707 2557 1772 2593 est

224 2608 299 2662 qui
320 2607 588 2649 comdemnet
604 2608 625 2650 Ρ
686 2607 794 2655 Quis
814 2624 917 2666 ergo
937 2625 1015 2651 nos
1047 2609 1262 2665 separabit
1281 2624 1308 2650 a
1330 2609 1542 2652 charitate
1573 2609 1771 2652 Christi?

224 2665 447 2707 tribulatio
463 2665 484 2707 ⁴?
505 2680 561 2706 an
581 2666 793 2721 angustia,
816 2682 873 2708 an
899 2667 1047 2719 fames,
1071 2683 1126 2709 an
1145 2667 1332 2718 nuditas,
1355 2682 1411 2708 an
1437 2667 1692 2723 periculum,
1715 2683 1772 2710 an

225 2723 475 2778 persecutio,
517 2738 572 2765 an
628 2723 840 2780 gladius?
919 2725 1004 2767 Sed
1055 2725 1103 2766 in
1141 2725 1211 2767 his
1265 2725 1464 2767 omnibus
1523 2741 1775 2781 superamus

223 2786 399 2837 propter
433 2796 531 2822 eum
563 2781 639 2837 qui
670 2782 825 2824 dilexit
854 2798 943 2825 nos.
1005 2783 1133 2825 Nihil
1163 2798 1241 2825 nos
1274 2788 1442 2839 separet
1476 2784 1531 2825 ab
1562 2785 1773 2826 immensa

221 2838 383 2880 Christi
403 2839 625 2889 charitate,
647 2844 690 2882 et
710 2855 786 2882 vos
805 2846 1017 2897 proteget,
1041 2841 1236 2891 salvabit,
1258 2841 1482 2884 bene-dicet
1503 2842 1633 2884 Deus.
