<?xml version="1.0" encoding="UTF-8"?>
<!DOCTYPE html PUBLIC "-//W3C//DTD XHTML 1.0 Transitional//EN"
    "http://www.w3.org/TR/xhtml1/DTD/xhtml1-transitional.dtd">
<html xmlns="http://www.w3.org/1999/xhtml" xml:lang="en" lang="en">
 <head>
  <title>
</title>
<meta http-equiv="Content-Type" content="text/html;charset=utf-8" />
  <meta name='ocr-system' content='tesseract 3.04.00' />
  <meta name='ocr-capabilities' content='ocr_page ocr_carea ocr_par ocr_line ocrx_word'/>
</head>
<body>
  <div class='ocr_page' id='page_1' title='image "./recordsrelatingt00mona_0169.png"; bbox 0 0 1887 3188; ppageno 0'>
   <div class='ocr_carea' id='block_1_1' title="bbox 613 99 1641 143">
    <p class='ocr_par' dir='ltr' id='par_1_1' title="bbox 613 99 1641 143">
     <span class='ocr_line' id='line_1_1' title="bbox 613 99 1641 143; baseline -0.001 -1"><span class='ocrx_word' id='word_1_1' title='bbox 613 114 707 143; x_wconf 72' lang='grc' dir='ltr'><strong>ΛΝΒ</strong></span> <span class='ocrx_word' id='word_1_2' title='bbox 729 112 1076 142; x_wconf 71' lang='lat' dir='ltr'>CLONMACNOISE.</span> <span class='ocrx_word' id='word_1_3' title='bbox 1557 99 1641 141; x_wconf 72' lang='lat'><strong>149</strong></span> 
     </span>
    </p>
   </div>
   <div class='ocr_carea' id='block_1_2' title="bbox 91 271 1638 387">
    <p class='ocr_par' dir='ltr' id='par_1_2' title="bbox 91 271 1638 387">
     <span class='ocr_line' id='line_1_2' title="bbox 91 271 1638 323; baseline -0.001 -7"><span class='ocrx_word' id='word_1_4' title='bbox 91 274 313 317; x_wconf 63' lang='lat' dir='ltr'><strong>Pmmox</strong></span> <span class='ocrx_word' id='word_1_5' title='bbox 342 288 397 317; x_wconf 72' lang='lat'><strong>01⁴¹</strong></span> <span class='ocrx_word' id='word_1_6' title='bbox 427 274 562 317; x_wconf 73' lang='lat' dir='ltr'><strong>Imsn</strong></span> <span class='ocrx_word' id='word_1_7' title='bbox 591 273 789 316; x_wconf 76' lang='lat' dir='ltr'><strong>B1s11012s</strong></span> <span class='ocrx_word' id='word_1_8' title='bbox 820 287 913 315; x_wconf 84' lang='lat' dir='ltr'><strong>AND</strong></span> <span class='ocrx_word' id='word_1_9' title='bbox 944 272 1129 315; x_wconf 74' lang='lat' dir='ltr'>OLERGY</span> <span class='ocrx_word' id='word_1_10' title='bbox 1159 287 1212 315; x_wconf 83' lang='lat' dir='ltr'><strong>To</strong></span> <span class='ocrx_word' id='word_1_11' title='bbox 1242 286 1334 314; x_wconf 83' lang='lat' dir='ltr'><strong>THE</strong></span> <span class='ocrx_word' id='word_1_12' title='bbox 1369 271 1502 315; x_wconf 70' lang='lat' dir='ltr'><strong>Hom</strong></span> <span class='ocrx_word' id='word_1_13' title='bbox 1536 271 1638 323; x_wconf 73' lang='lat' dir='ltr'><strong>SEE,</strong></span> 
     </span>
     <span class='ocr_line' id='line_1_3' title="bbox 755 343 995 387; baseline 0 -1"><span class='ocrx_word' id='word_1_14' title='bbox 755 358 844 387; x_wconf 63' lang='grc' dir='ltr'><strong>Λα).</strong></span> <span class='ocrx_word' id='word_1_15' title='bbox 869 343 995 386; x_wconf 86' lang='grc'>1736.</span> 
     </span>
    </p>
   </div>
   <div class='ocr_carea' id='block_1_3' title="bbox 402 469 1345 527">
    <p class='ocr_par' dir='ltr' id='par_1_3' title="bbox 402 469 1345 527">
     <span class='ocr_line' id='line_1_4' title="bbox 402 469 1345 527; baseline -0.003 -13"><span class='ocrx_word' id='word_1_16' title='bbox 402 470 553 527; x_wconf 88' lang='lat' dir='ltr'>(From</span> <span class='ocrx_word' id='word_1_17' title='bbox 572 471 647 514; x_wconf 89' lang='lat' dir='ltr'><strong>the</strong></span> <span class='ocrx_word' id='word_1_18' title='bbox 666 469 880 515; x_wconf 87' lang='lat' dir='ltr'><strong>Diocesan</strong></span> <span class='ocrx_word' id='word_1_19' title='bbox 898 469 1125 522; x_wconf 76' lang='lat' dir='ltr'><strong>Amhives,</strong></span> <span class='ocrx_word' id='word_1_20' title='bbox 1146 469 1345 526; x_wconf 89' lang='lat' dir='ltr'><strong>Dublin.)</strong></span> 
     </span>
    </p>
   </div>
   <div class='ocr_carea' id='block_1_4' title="bbox 95 611 624 663">
    <p class='ocr_par' dir='ltr' id='par_1_4' title="bbox 95 611 624 663">
     <span class='ocr_line' id='line_1_5' title="bbox 95 611 624 663; baseline 0.002 -10"><span class='ocrx_word' id='word_1_21' title='bbox 95 611 371 653; x_wconf 76' lang='lat' dir='ltr'><strong>BEAT1ss1ME</strong></span> <span class='ocrx_word' id='word_1_22' title='bbox 392 611 624 663; x_wconf 79' lang='lat' dir='ltr'><strong>PATER,—</strong></span> 
     </span>
    </p>
   </div>
   <div class='ocr_carea' id='block_1_5' title="bbox 95 679 1650 2887">
    <p class='ocr_par' dir='ltr' id='par_1_5' title="bbox 95 679 1645 1146">
     <span class='ocr_line' id='line_1_6' title="bbox 271 679 1645 740; baseline -0.004 -14"><span class='ocrx_word' id='word_1_23' title='bbox 271 682 382 726; x_wconf 84' lang='lat' dir='ltr'><strong>Oum</strong></span> <span class='ocrx_word' id='word_1_24' title='bbox 421 683 597 740; x_wconf 91' lang='lat' dir='ltr'><strong>quidam</strong></span> <span class='ocrx_word' id='word_1_25' title='bbox 636 682 854 726; x_wconf 87' lang='lat' dir='ltr'><strong>Henricus</strong></span> <span class='ocrx_word' id='word_1_26' title='bbox 894 681 1096 739; x_wconf 81' lang='lat' dir='ltr'><strong>O’Kelly,</strong></span> <span class='ocrx_word' id='word_1_27' title='bbox 1139 680 1380 725; x_wconf 84' lang='lat' dir='ltr'><strong>Oanonious</strong></span> <span class='ocrx_word' id='word_1_28' title='bbox 1413 679 1645 736; x_wconf 85' lang='lat' dir='ltr'><strong>Regularis</strong></span> 
     </span>
     <span class='ocr_line' id='line_1_7' title="bbox 98 738 1644 798; baseline -0.001 -16"><span class='ocrx_word' id='word_1_29' title='bbox 98 740 274 783; x_wconf 81' lang='lat' dir='ltr'>Ordinis</span> <span class='ocrx_word' id='word_1_30' title='bbox 305 740 370 783; x_wconf 56' lang='lat' dir='ltr'><strong>Sti·</strong></span> <span class='ocrx_word' id='word_1_31' title='bbox 396 740 638 798; x_wconf 73' lang='lat' dir='ltr'><strong>Augustini</strong></span> <span class='ocrx_word' id='word_1_32' title='bbox 667 741 837 784; x_wconf 84' lang='lat' dir='ltr'><strong>Literas</strong></span> <span class='ocrx_word' id='word_1_33' title='bbox 866 740 1138 797; x_wconf 88' lang='lat' dir='ltr'><strong>Apostolicas</strong></span> <span class='ocrx_word' id='word_1_34' title='bbox 1168 755 1193 782; x_wconf 90' lang='lat' dir='ltr'><strong>a</strong></span> <span class='ocrx_word' id='word_1_35' title='bbox 1222 738 1458 781; x_wconf 83' lang='lat' dir='ltr'><strong>Benedicto</strong></span> <span class='ocrx_word' id='word_1_36' title='bbox 1487 738 1644 780; x_wconf 86' lang='lat' dir='ltr'><strong>Felicis</strong></span> 
     </span>
     <span class='ocr_line' id='line_1_8' title="bbox 95 796 1644 856; baseline -0.003 -15"><span class='ocrx_word' id='word_1_37' title='bbox 95 799 423 841; x_wconf 86' lang='lat' dir='ltr'><strong>Recordationis</strong></span> <span class='ocrx_word' id='word_1_38' title='bbox 443 800 563 856; x_wconf 89' lang='lat' dir='ltr'><strong>Papa</strong></span> <span class='ocrx_word' id='word_1_39' title='bbox 583 799 735 851; x_wconf 69' lang='lat' dir='ltr'>XIII„</span> <span class='ocrx_word' id='word_1_40' title='bbox 758 801 806 842; x_wconf 83' lang='lat'><strong>40</strong></span> <span class='ocrx_word' id='word_1_41' title='bbox 836 800 943 842; x_wconf 88' lang='lat' dir='ltr'><strong>Idus</strong></span> <span class='ocrx_word' id='word_1_42' title='bbox 973 799 1002 841; x_wconf 86' lang='lat' dir='ltr'><strong>J</strong></span> <span class='ocrx_word' id='word_1_43' title='bbox 1004 799 1109 850; x_wconf 90' lang='lat' dir='ltr'><strong>unii,</strong></span> <span class='ocrx_word' id='word_1_44' title='bbox 1144 798 1269 840; x_wconf 79' lang='lat'>1729.</span> <span class='ocrx_word' id='word_1_45' title='bbox 1331 796 1495 838; x_wconf 90' lang='lat' dir='ltr'><strong>Albani</strong></span> <span class='ocrx_word' id='word_1_46' title='bbox 1523 796 1644 838; x_wconf 86' lang='lat' dir='ltr'><strong>datas</strong></span> 
     </span>
     <span class='ocr_line' id='line_1_9' title="bbox 97 854 1641 914; baseline -0.003 -15"><span class='ocrx_word' id='word_1_47' title='bbox 97 857 345 909; x_wconf 72' lang='lat' dir='ltr'><strong>obtinuerit,</strong></span> <span class='ocrx_word' id='word_1_48' title='bbox 367 857 413 900; x_wconf 86' lang='lat' dir='ltr'><strong>vi</strong></span> <span class='ocrx_word' id='word_1_49' title='bbox 433 873 618 914; x_wconf 85' lang='lat' dir='ltr'><strong>quarum</strong></span> <span class='ocrx_word' id='word_1_50' title='bbox 637 874 726 900; x_wconf 92' lang='lat' dir='ltr'><strong>non</strong></span> <span class='ocrx_word' id='word_1_51' title='bbox 747 857 886 900; x_wconf 88' lang='lat' dir='ltr'><strong>solum</strong></span> <span class='ocrx_word' id='word_1_52' title='bbox 900 857 1117 900; x_wconf 88' lang='lat' dir='ltr'><strong>Abbatem</strong></span> <span class='ocrx_word' id='word_1_53' title='bbox 1134 855 1197 898; x_wconf 57' lang='lat' dir='ltr'><strong>Sti·</strong></span> <span class='ocrx_word' id='word_1_54' title='bbox 1212 855 1412 906; x_wconf 89' lang='lat' dir='ltr'><strong>Thomae‚</strong></span> <span class='ocrx_word' id='word_1_55' title='bbox 1430 854 1641 896; x_wconf 88' lang='lat' dir='ltr'><strong>Dublinii.</strong></span> 
     </span>
     <span class='ocr_line' id='line_1_10' title="bbox 98 912 1644 970; baseline -0.003 -12"><span class='ocrx_word' id='word_1_56' title='bbox 98 915 152 958; x_wconf 82' lang='lat' dir='ltr'><strong>Se</strong></span> <span class='ocrx_word' id='word_1_57' title='bbox 181 915 389 966; x_wconf 89' lang='lat' dir='ltr'><strong>nominat,</strong></span> <span class='ocrx_word' id='word_1_58' title='bbox 421 931 574 958; x_wconf 87' lang='lat' dir='ltr'><strong>verum</strong></span> <span class='ocrx_word' id='word_1_59' title='bbox 604 916 735 958; x_wconf 88' lang='lat' dir='ltr'><strong>etiam</strong></span> <span class='ocrx_word' id='word_1_60' title='bbox 764 931 912 958; x_wconf 90' lang='lat' dir='ltr'><strong>curam</strong></span> <span class='ocrx_word' id='word_1_61' title='bbox 941 914 1208 957; x_wconf 88' lang='lat' dir='ltr'><strong>Pastoralem</strong></span> <span class='ocrx_word' id='word_1_62' title='bbox 1237 928 1420 969; x_wconf 90' lang='lat' dir='ltr'><strong>magnae</strong></span> <span class='ocrx_word' id='word_1_63' title='bbox 1450 912 1644 970; x_wconf 85' lang='lat' dir='ltr'><strong>ejusdem</strong></span> 
     </span>
     <span class='ocr_line' id='line_1_11' title="bbox 98 971 1644 1030; baseline -0.002 -15"><span class='ocrx_word' id='word_1_64' title='bbox 98 973 287 1016; x_wconf 87' lang='lat' dir='ltr'><strong>civitatis</strong></span> <span class='ocrx_word' id='word_1_65' title='bbox 306 973 456 1029; x_wconf 90' lang='lat' dir='ltr'><strong>partis,</strong></span> <span class='ocrx_word' id='word_1_66' title='bbox 479 974 818 1030; x_wconf 88' lang='lat' dir='ltr'><strong>independenter</strong></span> <span class='ocrx_word' id='word_1_67' title='bbox 839 990 864 1016; x_wconf 89' lang='lat' dir='ltr'><strong>a</strong></span> <span class='ocrx_word' id='word_1_68' title='bbox 884 973 1160 1016; x_wconf 86' lang='lat' dir='ltr'><strong>Dubliniensi</strong></span> <span class='ocrx_word' id='word_1_69' title='bbox 1189 971 1535 1028; x_wconf 83' lang='lat' dir='ltr'><strong>Metropolitano‚</strong></span> <span class='ocrx_word' id='word_1_70' title='bbox 1558 985 1644 1026; x_wconf 89' lang='lat' dir='ltr'><strong>quo</strong></span> 
     </span>
     <span class='ocr_line' id='line_1_12' title="bbox 98 1029 1645 1089; baseline -0.002 -16"><span class='ocrx_word' id='word_1_71' title='bbox 98 1031 271 1087; x_wconf 89' lang='lat' dir='ltr'><strong>penitus</strong></span> <span class='ocrx_word' id='word_1_72' title='bbox 314 1032 450 1074; x_wconf 89' lang='lat' dir='ltr'><strong>inscio</strong></span> <span class='ocrx_word' id='word_1_73' title='bbox 500 1032 717 1089; x_wconf 91' lang='lat' dir='ltr'><strong>pradictas</strong></span> <span class='ocrx_word' id='word_1_74' title='bbox 763 1033 912 1075; x_wconf 82' lang='lat' dir='ltr'><strong>literas</strong></span> <span class='ocrx_word' id='word_1_75' title='bbox 952 1031 1218 1089; x_wconf 90' lang='lat' dir='ltr'><strong>quodamodo</strong></span> <span class='ocrx_word' id='word_1_76' title='bbox 1257 1029 1520 1087; x_wconf 84' lang='lat' dir='ltr'><strong>impetravit,</strong></span> <span class='ocrx_word' id='word_1_77' title='bbox 1563 1029 1645 1071; x_wconf 85' lang='lat' dir='ltr'><strong>sibi</strong></span> 
     </span>
     <span class='ocr_line' id='line_1_13' title="bbox 97 1090 724 1146; baseline 0.003 -15"><span class='ocrx_word' id='word_1_78' title='bbox 97 1090 501 1146; x_wconf 79' lang='lat' dir='ltr'><strong>impraesentiarum</strong></span> <span class='ocrx_word' id='word_1_79' title='bbox 520 1090 724 1133; x_wconf 85' lang='lat' dir='ltr'><strong>vindicat.</strong></span> 
     </span>
    </p>

    <p class='ocr_par' dir='ltr' id='par_1_6' title="bbox 95 1144 1646 1495">
     <span class='ocr_line' id='line_1_14' title="bbox 184 1144 1639 1205; baseline -0.001 -16"><span class='ocrx_word' id='word_1_80' title='bbox 184 1148 304 1190; x_wconf 87' lang='lat' dir='ltr'><strong>Hinc</strong></span> <span class='ocrx_word' id='word_1_81' title='bbox 344 1153 408 1190; x_wconf 93' lang='lat' dir='ltr'><strong>est</strong></span> <span class='ocrx_word' id='word_1_82' title='bbox 448 1150 563 1204; x_wconf 92' lang='lat' dir='ltr'><strong>quod</strong></span> <span class='ocrx_word' id='word_1_83' title='bbox 602 1164 679 1191; x_wconf 92' lang='lat' dir='ltr'><strong>nos</strong></span> <span class='ocrx_word' id='word_1_84' title='bbox 717 1148 988 1205; x_wconf 78' lang='lat' dir='ltr'><strong>infrascripti</strong></span> <span class='ocrx_word' id='word_1_85' title='bbox 1026 1147 1165 1189; x_wconf 88' lang='lat' dir='ltr'><strong>multa</strong></span> <span class='ocrx_word' id='word_1_86' title='bbox 1194 1162 1283 1188; x_wconf 92' lang='lat' dir='ltr'><strong>non</strong></span> <span class='ocrx_word' id='word_1_87' title='bbox 1312 1150 1484 1188; x_wconf 87' lang='lat' dir='ltr'><strong>tantum</strong></span> <span class='ocrx_word' id='word_1_88' title='bbox 1514 1144 1639 1188; x_wconf 84' lang='lat' dir='ltr'><strong>Olero</strong></span> 
     </span>
     <span class='ocr_line' id='line_1_15' title="bbox 98 1202 1646 1262; baseline -0.001 -14"><span class='ocrx_word' id='word_1_89' title='bbox 98 1205 375 1248; x_wconf 85' lang='lat' dir='ltr'><strong>Dubh&#39;niensi</strong></span> <span class='ocrx_word' id='word_1_90' title='bbox 419 1205 483 1262; x_wconf 90' lang='lat' dir='ltr'><strong>(in</strong></span> <span class='ocrx_word' id='word_1_91' title='bbox 522 1207 818 1259; x_wconf 89' lang='lat' dir='ltr'><strong>Parliamenti,</strong></span> <span class='ocrx_word' id='word_1_92' title='bbox 851 1206 1055 1262; x_wconf 88' lang='lat' dir='ltr'><strong>Proregis</strong></span> <span class='ocrx_word' id='word_1_93' title='bbox 1085 1210 1128 1248; x_wconf 92' lang='lat' dir='ltr'><strong>et</strong></span> <span class='ocrx_word' id='word_1_94' title='bbox 1158 1204 1470 1247; x_wconf 89' lang='lat' dir='ltr'><strong>Primariorum</strong></span> <span class='ocrx_word' id='word_1_95' title='bbox 1498 1202 1646 1259; x_wconf 85' lang='lat' dir='ltr'><strong>Regni</strong></span> 
     </span>
     <span class='ocr_line' id='line_1_16' title="bbox 97 1261 1644 1322; baseline -0.002 -16"><span class='ocrx_word' id='word_1_96' title='bbox 97 1264 126 1306; x_wconf 89' lang='lat' dir='ltr'>J</span> <span class='ocrx_word' id='word_1_97' title='bbox 128 1264 303 1306; x_wconf 87' lang='lat' dir='ltr'><strong>udicum</strong></span> <span class='ocrx_word' id='word_1_98' title='bbox 343 1269 574 1320; x_wconf 90' lang='lat' dir='ltr'><strong>conspectu</strong></span> <span class='ocrx_word' id='word_1_99' title='bbox 618 1265 814 1322; x_wconf 79' lang='lat' dir='ltr'><strong>proxime</strong></span> <span class='ocrx_word' id='word_1_100' title='bbox 860 1264 1142 1321; x_wconf 85' lang='lat' dir='ltr'><strong>periclitanti)</strong></span> <span class='ocrx_word' id='word_1_101' title='bbox 1186 1278 1339 1305; x_wconf 86' lang='lat' dir='ltr'><strong>verum</strong></span> <span class='ocrx_word' id='word_1_102' title='bbox 1382 1262 1513 1305; x_wconf 91' lang='lat' dir='ltr'><strong>etiam</strong></span> <span class='ocrx_word' id='word_1_103' title='bbox 1560 1261 1644 1304; x_wconf 86' lang='lat' dir='ltr'><strong>Rei</strong></span> 
     </span>
     <span class='ocr_line' id='line_1_17' title="bbox 98 1320 1642 1380; baseline -0.002 -16"><span class='ocrx_word' id='word_1_104' title='bbox 98 1322 344 1365; x_wconf 84' lang='lat' dir='ltr'><strong>Catholicae</strong></span> <span class='ocrx_word' id='word_1_105' title='bbox 364 1323 411 1364; x_wconf 92' lang='lat' dir='ltr'><strong>in</strong></span> <span class='ocrx_word' id='word_1_106' title='bbox 431 1323 528 1364; x_wconf 90' lang='lat' dir='ltr'><strong>aliis</strong></span> <span class='ocrx_word' id='word_1_107' title='bbox 547 1323 695 1380; x_wconf 81' lang='lat' dir='ltr'><strong>Regni</strong></span> <span class='ocrx_word' id='word_1_108' title='bbox 713 1323 909 1380; x_wconf 90' lang='lat' dir='ltr'><strong>partibus</strong></span> <span class='ocrx_word' id='word_1_109' title='bbox 930 1322 1080 1379; x_wconf 89' lang='lat' dir='ltr'><strong>gravia</strong></span> <span class='ocrx_word' id='word_1_110' title='bbox 1100 1338 1154 1364; x_wconf 84' lang='lat' dir='ltr'><strong>ex</strong></span> <span class='ocrx_word' id='word_1_111' title='bbox 1173 1322 1255 1363; x_wconf 85' lang='lat' dir='ltr'><strong>hac</strong></span> <span class='ocrx_word' id='word_1_112' title='bbox 1275 1320 1466 1364; x_wconf 87' lang='lat' dir='ltr'><strong>novitate</strong></span> <span class='ocrx_word' id='word_1_113' title='bbox 1481 1320 1642 1362; x_wconf 90' lang='lat' dir='ltr'><strong>incom-</strong></span> 
     </span>
     <span class='ocr_line' id='line_1_18' title="bbox 95 1378 1640 1437; baseline -0.001 -15"><span class='ocrx_word' id='word_1_114' title='bbox 95 1381 222 1422; x_wconf 88' lang='lat' dir='ltr'><strong>moda</strong></span> <span class='ocrx_word' id='word_1_115' title='bbox 260 1381 560 1437; x_wconf 84' lang='lat' dir='ltr'><strong>praevidentes</strong></span> <span class='ocrx_word' id='word_1_116' title='bbox 601 1382 885 1424; x_wconf 80' lang='lat' dir='ltr'><strong>Sanotitatem</strong></span> <span class='ocrx_word' id='word_1_117' title='bbox 923 1386 1045 1424; x_wconf 90' lang='lat' dir='ltr'><strong>tuam</strong></span> <span class='ocrx_word' id='word_1_118' title='bbox 1073 1396 1152 1437; x_wconf 88' lang='lat' dir='ltr'><strong>pro</strong></span> <span class='ocrx_word' id='word_1_119' title='bbox 1183 1384 1424 1435; x_wconf 90' lang='lat' dir='ltr'><strong>opportuno</strong></span> <span class='ocrx_word' id='word_1_120' title='bbox 1454 1378 1640 1421; x_wconf 88' lang='lat' dir='ltr'><strong>remedio</strong></span> 
     </span>
     <span class='ocr_line' id='line_1_19' title="bbox 99 1438 624 1495; baseline 0.002 -14"><span class='ocrx_word' id='word_1_121' title='bbox 99 1438 313 1495; x_wconf 88' lang='lat' dir='ltr'><strong>supplices</strong></span> <span class='ocrx_word' id='word_1_122' title='bbox 333 1439 624 1495; x_wconf 86' lang='lat' dir='ltr'><strong>imploramus.</strong></span> 
     </span>
    </p>

    <p class='ocr_par' dir='ltr' id='par_1_7' title="bbox 95 1495 1647 1962">
     <span class='ocr_line' id='line_1_20' title="bbox 181 1495 1639 1554; baseline -0.001 -16"><span class='ocrx_word' id='word_1_123' title='bbox 181 1497 228 1539; x_wconf 84' lang='lat' dir='ltr'><strong>Si</strong></span> <span class='ocrx_word' id='word_1_124' title='bbox 257 1497 374 1539; x_wconf 92' lang='lat' dir='ltr'><strong>enim</strong></span> <span class='ocrx_word' id='word_1_125' title='bbox 403 1498 458 1539; x_wconf 87' lang='lat' dir='ltr'><strong>ad</strong></span> <span class='ocrx_word' id='word_1_126' title='bbox 488 1513 611 1540; x_wconf 90' lang='lat' dir='ltr'><strong>aures</strong></span> <span class='ocrx_word' id='word_1_127' title='bbox 641 1512 789 1539; x_wconf 91' lang='lat' dir='ltr'><strong>eorum</strong></span> <span class='ocrx_word' id='word_1_128' title='bbox 817 1496 1065 1554; x_wconf 89' lang='lat' dir='ltr'><strong>pervenerit</strong></span> <span class='ocrx_word' id='word_1_129' title='bbox 1105 1512 1129 1538; x_wconf 88' lang='lat' dir='ltr'><strong>a</strong></span> <span class='ocrx_word' id='word_1_130' title='bbox 1160 1496 1315 1552; x_wconf 89' lang='lat' dir='ltr'><strong>quibus</strong></span> <span class='ocrx_word' id='word_1_131' title='bbox 1355 1495 1411 1538; x_wconf 90' lang='lat' dir='ltr'><strong>ad</strong></span> <span class='ocrx_word' id='word_1_132' title='bbox 1439 1509 1639 1551; x_wconf 83' lang='lat' dir='ltr'><strong>praesens</strong></span> 
     </span>
     <span class='ocr_line' id='line_1_21' title="bbox 95 1552 1640 1612; baseline -0.002 -15"><span class='ocrx_word' id='word_1_133' title='bbox 95 1555 373 1611; x_wconf 87' lang='lat' dir='ltr'><strong>Occupantur</strong></span> <span class='ocrx_word' id='word_1_134' title='bbox 392 1555 535 1612; x_wconf 89' lang='lat' dir='ltr'><strong>ampla</strong></span> <span class='ocrx_word' id='word_1_135' title='bbox 553 1555 813 1612; x_wconf 91' lang='lat' dir='ltr'><strong>patrimonia</strong></span> <span class='ocrx_word' id='word_1_136' title='bbox 833 1561 876 1598; x_wconf 91' lang='lat' dir='ltr'><strong>et</strong></span> <span class='ocrx_word' id='word_1_137' title='bbox 897 1555 1091 1598; x_wconf 89' lang='lat' dir='ltr'><strong>redditus</strong></span> <span class='ocrx_word' id='word_1_138' title='bbox 1112 1555 1166 1596; x_wconf 89' lang='lat' dir='ltr'><strong>ad</strong></span> <span class='ocrx_word' id='word_1_139' title='bbox 1186 1554 1399 1595; x_wconf 88' lang='lat' dir='ltr'><strong>dictorum</strong></span> <span class='ocrx_word' id='word_1_140' title='bbox 1419 1552 1640 1595; x_wconf 89' lang='lat' dir='ltr'><strong>canonico-</strong></span> 
     </span>
     <span class='ocr_line' id='line_1_22' title="bbox 99 1610 1644 1670; baseline -0.002 -15"><span class='ocrx_word' id='word_1_141' title='bbox 99 1628 197 1655; x_wconf 88' lang='lat' dir='ltr'><strong>rum</strong></span> <span class='ocrx_word' id='word_1_142' title='bbox 216 1613 502 1670; x_wconf 86' lang='lat' dir='ltr'><strong>Regularium</strong></span> <span class='ocrx_word' id='word_1_143' title='bbox 522 1614 789 1670; x_wconf 90' lang='lat' dir='ltr'><strong>aliorumque</strong></span> <span class='ocrx_word' id='word_1_144' title='bbox 810 1614 1124 1656; x_wconf 88' lang='lat' dir='ltr'><strong>Monachorum</strong></span> <span class='ocrx_word' id='word_1_145' title='bbox 1143 1611 1407 1654; x_wconf 84' lang='lat' dir='ltr'><strong>Monasteria</strong></span> <span class='ocrx_word' id='word_1_146' title='bbox 1427 1610 1530 1653; x_wconf 87' lang='lat' dir='ltr'><strong>olim</strong></span> <span class='ocrx_word' id='word_1_147' title='bbox 1548 1626 1644 1667; x_wconf 89' lang='lat' dir='ltr'><strong>per-</strong></span> 
     </span>
     <span class='ocr_line' id='line_1_23' title="bbox 99 1668 1647 1727; baseline -0.003 -13"><span class='ocrx_word' id='word_1_148' title='bbox 99 1671 296 1723; x_wconf 85' lang='lat' dir='ltr'><strong>tinentia,</strong></span> <span class='ocrx_word' id='word_1_149' title='bbox 319 1671 455 1714; x_wconf 80' lang='lat' dir='ltr'><strong>dictos</strong></span> <span class='ocrx_word' id='word_1_150' title='bbox 477 1672 640 1714; x_wconf 86' lang='lat' dir='ltr'><strong>scilicet</strong></span> <span class='ocrx_word' id='word_1_151' title='bbox 662 1672 897 1714; x_wconf 82' lang='lat' dir='ltr'><strong>Monachos</strong></span> <span class='ocrx_word' id='word_1_152' title='bbox 927 1672 956 1715; x_wconf 87' lang='lat' dir='ltr'><strong>J</strong></span> <span class='ocrx_word' id='word_1_153' title='bbox 957 1687 1036 1714; x_wconf 88' lang='lat' dir='ltr'><strong>ura</strong></span> <span class='ocrx_word' id='word_1_154' title='bbox 1066 1676 1109 1713; x_wconf 93' lang='lat' dir='ltr'><strong>et</strong></span> <span class='ocrx_word' id='word_1_155' title='bbox 1137 1670 1368 1727; x_wconf 86' lang='lat' dir='ltr'><strong>privilegia</strong></span> <span class='ocrx_word' id='word_1_156' title='bbox 1398 1685 1423 1711; x_wconf 92' lang='lat' dir='ltr'><strong>a</strong></span> <span class='ocrx_word' id='word_1_157' title='bbox 1451 1668 1647 1711; x_wconf 86' lang='lat' dir='ltr'><strong>ducentis</strong></span> 
     </span>
     <span class='ocr_line' id='line_1_24' title="bbox 99 1727 1645 1787; baseline -0.001 -15"><span class='ocrx_word' id='word_1_158' title='bbox 99 1729 270 1772; x_wconf 84' lang='lat' dir='ltr'><strong>circiter</strong></span> <span class='ocrx_word' id='word_1_159' title='bbox 309 1730 434 1772; x_wconf 91' lang='lat' dir='ltr'><strong>annis</strong></span> <span class='ocrx_word' id='word_1_160' title='bbox 473 1730 647 1786; x_wconf 88' lang='lat' dir='ltr'><strong>penitus</strong></span> <span class='ocrx_word' id='word_1_161' title='bbox 687 1730 825 1787; x_wconf 90' lang='lat' dir='ltr'><strong>sopita</strong></span> <span class='ocrx_word' id='word_1_162' title='bbox 863 1730 981 1773; x_wconf 87' lang='lat' dir='ltr'><strong>hisce</strong></span> <span class='ocrx_word' id='word_1_163' title='bbox 1020 1729 1285 1786; x_wconf 86' lang='lat' dir='ltr'><strong>temporibus</strong></span> <span class='ocrx_word' id='word_1_164' title='bbox 1318 1727 1400 1770; x_wconf 87' lang='lat' dir='ltr'><strong>sibi</strong></span> <span class='ocrx_word' id='word_1_165' title='bbox 1431 1742 1645 1784; x_wconf 88' lang='lat' dir='ltr'><strong>arrogare,</strong></span> 
     </span>
     <span class='ocr_line' id='line_1_25' title="bbox 100 1786 1646 1845; baseline -0.002 -15"><span class='ocrx_word' id='word_1_166' title='bbox 100 1788 288 1830; x_wconf 84' lang='lat' dir='ltr'><strong>maxime</strong></span> <span class='ocrx_word' id='word_1_167' title='bbox 308 1789 546 1831; x_wconf 84' lang='lat' dir='ltr'><strong>verendum</strong></span> <span class='ocrx_word' id='word_1_168' title='bbox 566 1793 630 1831; x_wconf 92' lang='lat' dir='ltr'><strong>est</strong></span> <span class='ocrx_word' id='word_1_169' title='bbox 661 1804 716 1831; x_wconf 93' lang='lat' dir='ltr'><strong>ne</strong></span> <span class='ocrx_word' id='word_1_170' title='bbox 748 1788 889 1845; x_wconf 90' lang='lat' dir='ltr'><strong>iniqui</strong></span> <span class='ocrx_word' id='word_1_171' title='bbox 920 1788 994 1831; x_wconf 93' lang='lat' dir='ltr'><strong>isti</strong></span> <span class='ocrx_word' id='word_1_172' title='bbox 1025 1802 1297 1845; x_wconf 88' lang='lat' dir='ltr'><strong>possessores,</strong></span> <span class='ocrx_word' id='word_1_173' title='bbox 1330 1787 1474 1828; x_wconf 89' lang='lat' dir='ltr'><strong>hostes</strong></span> <span class='ocrx_word' id='word_1_174' title='bbox 1508 1786 1646 1828; x_wconf 88' lang='lat' dir='ltr'><strong>nostri</strong></span> 
     </span>
     <span class='ocr_line' id='line_1_26' title="bbox 99 1843 1645 1901; baseline -0.002 -13"><span class='ocrx_word' id='word_1_175' title='bbox 99 1845 382 1889; x_wconf 73' lang='lat' dir='ltr'><strong>infestissimi,</strong></span> <span class='ocrx_word' id='word_1_176' title='bbox 404 1862 563 1889; x_wconf 80' lang='lat' dir='ltr'><strong>novam</strong></span> <span class='ocrx_word' id='word_1_177' title='bbox 582 1846 738 1889; x_wconf 82' lang='lat' dir='ltr'><strong>exinde</strong></span> <span class='ocrx_word' id='word_1_178' title='bbox 767 1846 1088 1889; x_wconf 87' lang='lat' dir='ltr'><strong>Ecclesiasticos</strong></span> <span class='ocrx_word' id='word_1_179' title='bbox 1118 1861 1265 1889; x_wconf 92' lang='lat' dir='ltr'><strong>omnes</strong></span> <span class='ocrx_word' id='word_1_180' title='bbox 1293 1860 1371 1901; x_wconf 92' lang='lat' dir='ltr'><strong>per</strong></span> <span class='ocrx_word' id='word_1_181' title='bbox 1400 1843 1645 1886; x_wconf 85' lang='lat' dir='ltr'><strong>universam</strong></span> 
     </span>
     <span class='ocr_line' id='line_1_27' title="bbox 99 1904 1074 1962; baseline 0 -15"><span class='ocrx_word' id='word_1_182' title='bbox 99 1904 358 1948; x_wconf 89' lang='lat' dir='ltr'><strong>Hiberniam</strong></span> <span class='ocrx_word' id='word_1_183' title='bbox 377 1905 663 1962; x_wconf 86' lang='lat' dir='ltr'><strong>persequendi</strong></span> <span class='ocrx_word' id='word_1_184' title='bbox 682 1921 831 1947; x_wconf 89' lang='lat' dir='ltr'><strong>ansam</strong></span> <span class='ocrx_word' id='word_1_185' title='bbox 850 1905 1074 1961; x_wconf 88' lang='lat' dir='ltr'><strong>arripiant.</strong></span> 
     </span>
    </p>

    <p class='ocr_par' dir='ltr' id='par_1_8' title="bbox 97 1960 1646 2310">
     <span class='ocr_line' id='line_1_28' title="bbox 187 1960 1645 2013; baseline -0.003 -8"><span class='ocrx_word' id='word_1_186' title='bbox 187 1963 246 2005; x_wconf 92' lang='lat' dir='ltr'><strong>In</strong></span> <span class='ocrx_word' id='word_1_187' title='bbox 258 1963 376 2005; x_wconf 90' lang='lat' dir='ltr'><strong>omni</strong></span> <span class='ocrx_word' id='word_1_188' title='bbox 388 1963 504 2005; x_wconf 87' lang='lat' dir='ltr'><strong>enim</strong></span> <span class='ocrx_word' id='word_1_189' title='bbox 516 1963 800 2006; x_wconf 88' lang='lat' dir='ltr'><strong>Parliamenti</strong></span> <span class='ocrx_word' id='word_1_190' title='bbox 811 1964 949 2006; x_wconf 89' lang='lat' dir='ltr'><strong>nostri</strong></span> <span class='ocrx_word' id='word_1_191' title='bbox 961 1963 1166 2013; x_wconf 81' lang='lat' dir='ltr'><strong>Sessione,</strong></span> <span class='ocrx_word' id='word_1_192' title='bbox 1182 1976 1293 2004; x_wconf 86' lang='lat' dir='ltr'><strong>nova</strong></span> <span class='ocrx_word' id='word_1_193' title='bbox 1305 1976 1383 2003; x_wconf 91' lang='lat' dir='ltr'><strong>nos</strong></span> <span class='ocrx_word' id='word_1_194' title='bbox 1396 1960 1645 2002; x_wconf 89' lang='lat' dir='ltr'><strong>conterendi</strong></span> 
     </span>
     <span class='ocr_line' id='line_1_29' title="bbox 99 2018 1642 2078; baseline -0.002 -15"><span class='ocrx_word' id='word_1_195' title='bbox 99 2020 273 2064; x_wconf 85' lang='lat' dir='ltr'><strong>Statuta</strong></span> <span class='ocrx_word' id='word_1_196' title='bbox 293 2021 429 2078; x_wconf 90' lang='lat' dir='ltr'><strong>gratis</strong></span> <span class='ocrx_word' id='word_1_197' title='bbox 449 2022 710 2078; x_wconf 82' lang='lat' dir='ltr'><strong>excogitant,</strong></span> <span class='ocrx_word' id='word_1_198' title='bbox 734 2021 924 2078; x_wconf 90' lang='lat' dir='ltr'><strong>quidque</strong></span> <span class='ocrx_word' id='word_1_199' title='bbox 945 2022 1024 2064; x_wconf 92' lang='lat' dir='ltr'><strong>sub</strong></span> <span class='ocrx_word' id='word_1_200' title='bbox 1044 2021 1144 2063; x_wconf 80' lang='lat' dir='ltr'><strong>fuco</strong></span> <span class='ocrx_word' id='word_1_201' title='bbox 1158 2025 1304 2062; x_wconf 86' lang='lat' dir='ltr'><strong>tantae</strong></span> <span class='ocrx_word' id='word_1_202' title='bbox 1315 2018 1642 2075; x_wconf 83' lang='lat' dir='ltr'><strong>provocationis,</strong></span> 
     </span>
     <span class='ocr_line' id='line_1_30' title="bbox 97 2077 1645 2135; baseline -0.002 -14"><span class='ocrx_word' id='word_1_203' title='bbox 97 2079 293 2122; x_wconf 88' lang='lat' dir='ltr'><strong>homines</strong></span> <span class='ocrx_word' id='word_1_204' title='bbox 332 2079 464 2122; x_wconf 90' lang='lat' dir='ltr'><strong>etiam</strong></span> <span class='ocrx_word' id='word_1_205' title='bbox 502 2079 618 2122; x_wconf 91' lang='lat' dir='ltr'><strong>inter</strong></span> <span class='ocrx_word' id='word_1_206' title='bbox 650 2079 847 2122; x_wconf 87' lang='lat' dir='ltr'><strong>inimicos</strong></span> <span class='ocrx_word' id='word_1_207' title='bbox 885 2080 1010 2123; x_wconf 91' lang='lat' dir='ltr'><strong>nobis</strong></span> <span class='ocrx_word' id='word_1_208' title='bbox 1049 2094 1215 2135; x_wconf 90' lang='lat' dir='ltr'><strong>semper</strong></span> <span class='ocrx_word' id='word_1_209' title='bbox 1249 2077 1522 2119; x_wconf 81' lang='lat' dir='ltr'><strong>infenssimos</strong></span> <span class='ocrx_word' id='word_1_210' title='bbox 1556 2092 1645 2119; x_wconf 89' lang='lat' dir='ltr'><strong>non</strong></span> 
     </span>
     <span class='ocr_line' id='line_1_31' title="bbox 98 2134 1646 2195; baseline -0.003 -15"><span class='ocrx_word' id='word_1_211' title='bbox 98 2137 341 2180; x_wconf 91' lang='lat' dir='ltr'><strong>timendum</strong></span> <span class='ocrx_word' id='word_1_212' title='bbox 379 2138 733 2195; x_wconf 80' lang='lat' dir='ltr'><strong>perpetraturos?</strong></span> <span class='ocrx_word' id='word_1_213' title='bbox 809 2138 951 2186; x_wconf 80' lang='lat' dir='ltr'><strong>Quam</strong></span> <span class='ocrx_word' id='word_1_214' title='bbox 980 2152 1084 2194; x_wconf 90' lang='lat' dir='ltr'><strong>ergo</strong></span> <span class='ocrx_word' id='word_1_215' title='bbox 1113 2136 1325 2179; x_wconf 91' lang='lat' dir='ltr'><strong>rationem</strong></span> <span class='ocrx_word' id='word_1_216' title='bbox 1353 2134 1646 2177; x_wconf 90' lang='lat' dir='ltr'><strong>Villicationis</strong></span> 
     </span>
     <span class='ocr_line' id='line_1_32' title="bbox 100 2193 1645 2252; baseline -0.002 -14"><span class='ocrx_word' id='word_1_217' title='bbox 100 2211 200 2238; x_wconf 90' lang='lat' dir='ltr'><strong>suae</strong></span> <span class='ocrx_word' id='word_1_218' title='bbox 219 2196 448 2238; x_wconf 86' lang='lat' dir='ltr'><strong>redderent</strong></span> <span class='ocrx_word' id='word_1_219' title='bbox 467 2195 672 2252; x_wconf 87' lang='lat' dir='ltr'><strong>Episcopi</strong></span> <span class='ocrx_word' id='word_1_220' title='bbox 691 2195 928 2239; x_wconf 88' lang='lat' dir='ltr'><strong>Hiberniae</strong></span> <span class='ocrx_word' id='word_1_221' title='bbox 949 2196 985 2238; x_wconf 90' lang='lat' dir='ltr'><strong>si</strong></span> <span class='ocrx_word' id='word_1_222' title='bbox 1003 2195 1117 2237; x_wconf 89' lang='lat' dir='ltr'><strong>mala</strong></span> <span class='ocrx_word' id='word_1_223' title='bbox 1128 2195 1233 2237; x_wconf 89' lang='lat' dir='ltr'><strong>haec</strong></span> <span class='ocrx_word' id='word_1_224' title='bbox 1250 2193 1400 2251; x_wconf 83' lang='lat' dir='ltr'><strong>gravia</strong></span> <span class='ocrx_word' id='word_1_225' title='bbox 1415 2193 1645 2236; x_wconf 79' lang='lat' dir='ltr'><strong>Sanctitati</strong></span> 
     </span>
     <span class='ocr_line' id='line_1_33' title="bbox 99 2254 1138 2310; baseline -0.002 -13"><span class='ocrx_word' id='word_1_226' title='bbox 99 2259 200 2297; x_wconf 86' lang='lat' dir='ltr'><strong>tuae</strong></span> <span class='ocrx_word' id='word_1_227' title='bbox 219 2254 473 2310; x_wconf 86' lang='lat' dir='ltr'><strong>tempestive</strong></span> <span class='ocrx_word' id='word_1_228' title='bbox 494 2254 738 2310; x_wconf 87' lang='lat' dir='ltr'><strong>significare</strong></span> <span class='ocrx_word' id='word_1_229' title='bbox 757 2254 1138 2310; x_wconf 89' lang='lat' dir='ltr'><strong>pretermitterent.</strong></span> 
     </span>
    </p>

    <p class='ocr_par' dir='ltr' id='par_1_9' title="bbox 100 2308 1650 2887">
     <span class='ocr_line' id='line_1_34' title="bbox 188 2308 1645 2369; baseline -0.003 -15"><span class='ocrx_word' id='word_1_230' title='bbox 188 2311 383 2368; x_wconf 85' lang='lat' dir='ltr'><strong>Cumque</strong></span> <span class='ocrx_word' id='word_1_231' title='bbox 411 2312 588 2369; x_wconf 85' lang='lat' dir='ltr'><strong>insuper</strong></span> <span class='ocrx_word' id='word_1_232' title='bbox 618 2312 824 2355; x_wconf 84' lang='lat' dir='ltr'><strong>Canonici</strong></span> <span class='ocrx_word' id='word_1_233' title='bbox 852 2312 1093 2368; x_wconf 86' lang='lat' dir='ltr'><strong>Regulares</strong></span> <span class='ocrx_word' id='word_1_234' title='bbox 1122 2309 1186 2354; x_wconf 56' lang='lat' dir='ltr'><strong>Sti·</strong></span> <span class='ocrx_word' id='word_1_235' title='bbox 1216 2308 1457 2366; x_wconf 88' lang='lat' dir='ltr'><strong>Augustini</strong></span> <span class='ocrx_word' id='word_1_236' title='bbox 1486 2308 1645 2365; x_wconf 87' lang='lat' dir='ltr'><strong>aliique</strong></span> 
     </span>
     <span class='ocr_line' id='line_1_35' title="bbox 100 2366 1644 2423; baseline -0.003 -11"><span class='ocrx_word' id='word_1_237' title='bbox 100 2369 307 2413; x_wconf 88' lang='lat' dir='ltr'><strong>Monachi</strong></span> <span class='ocrx_word' id='word_1_238' title='bbox 325 2370 418 2412; x_wconf 77' lang='lat' dir='ltr'><strong>fere</strong></span> <span class='ocrx_word' id='word_1_239' title='bbox 438 2386 584 2413; x_wconf 87' lang='lat' dir='ltr'><strong>omnes</strong></span> <span class='ocrx_word' id='word_1_240' title='bbox 603 2370 791 2413; x_wconf 87' lang='lat' dir='ltr'><strong>Vineam</strong></span> <span class='ocrx_word' id='word_1_241' title='bbox 819 2370 998 2413; x_wconf 89' lang='lat' dir='ltr'><strong>Domini</strong></span> <span class='ocrx_word' id='word_1_242' title='bbox 1026 2369 1074 2412; x_wconf 91' lang='lat' dir='ltr'><strong>in</strong></span> <span class='ocrx_word' id='word_1_243' title='bbox 1103 2368 1317 2411; x_wconf 86' lang='lat' dir='ltr'><strong>Hibernia</strong></span> <span class='ocrx_word' id='word_1_244' title='bbox 1347 2368 1400 2410; x_wconf 90' lang='lat' dir='ltr'><strong>ab</strong></span> <span class='ocrx_word' id='word_1_245' title='bbox 1430 2366 1644 2423; x_wconf 88' lang='lat' dir='ltr'><strong>aliquibus</strong></span> 
     </span>
     <span class='ocr_line' id='line_1_36' title="bbox 101 2426 1647 2482; baseline -0.003 -12"><span class='ocrx_word' id='word_1_246' title='bbox 101 2428 271 2471; x_wconf 90' lang='lat' dir='ltr'><strong>circiter</strong></span> <span class='ocrx_word' id='word_1_247' title='bbox 292 2428 469 2471; x_wconf 88' lang='lat' dir='ltr'><strong>saeculis</strong></span> <span class='ocrx_word' id='word_1_248' title='bbox 489 2429 543 2471; x_wconf 89' lang='lat' dir='ltr'><strong>ab</strong></span> <span class='ocrx_word' id='word_1_249' title='bbox 562 2428 789 2471; x_wconf 84' lang='lat' dir='ltr'><strong>haereticis</strong></span> <span class='ocrx_word' id='word_1_250' title='bbox 808 2428 1101 2471; x_wconf 85' lang='lat' dir='ltr'><strong>dilaniandam</strong></span> <span class='ocrx_word' id='word_1_251' title='bbox 1121 2426 1440 2482; x_wconf 86' lang='lat' dir='ltr'><strong>dereliquerint,</strong></span> <span class='ocrx_word' id='word_1_252' title='bbox 1464 2440 1647 2481; x_wconf 90' lang='lat' dir='ltr'><strong>cumque</strong></span> 
     </span>
     <span class='ocr_line' id='line_1_37' title="bbox 100 2483 1646 2543; baseline -0.002 -15"><span class='ocrx_word' id='word_1_253' title='bbox 100 2486 306 2543; x_wconf 87' lang='lat' dir='ltr'><strong>Episcopi</strong></span> <span class='ocrx_word' id='word_1_254' title='bbox 325 2502 424 2529; x_wconf 87' lang='lat' dir='ltr'><strong>oum</strong></span> <span class='ocrx_word' id='word_1_255' title='bbox 444 2487 569 2530; x_wconf 83' lang='lat' dir='ltr'><strong>Olero</strong></span> <span class='ocrx_word' id='word_1_256' title='bbox 590 2487 771 2529; x_wconf 85' lang='lat' dir='ltr'><strong>seculari</strong></span> <span class='ocrx_word' id='word_1_257' title='bbox 791 2491 834 2529; x_wconf 87' lang='lat' dir='ltr'><strong>et</strong></span> <span class='ocrx_word' id='word_1_258' title='bbox 853 2486 1193 2530; x_wconf 89' lang='lat' dir='ltr'><strong>mendicantium</strong></span> <span class='ocrx_word' id='word_1_259' title='bbox 1213 2485 1414 2527; x_wconf 89' lang='lat' dir='ltr'><strong>ordinum</strong></span> <span class='ocrx_word' id='word_1_260' title='bbox 1443 2483 1646 2526; x_wconf 88' lang='lat' dir='ltr'><strong>Patribus</strong></span> 
     </span>
     <span class='ocr_line' id='line_1_38' title="bbox 102 2542 1645 2602; baseline -0.002 -16"><span class='ocrx_word' id='word_1_261' title='bbox 102 2544 180 2601; x_wconf 84' lang='lat' dir='ltr'><strong>qui</strong></span> <span class='ocrx_word' id='word_1_262' title='bbox 199 2559 346 2587; x_wconf 90' lang='lat' dir='ltr'><strong>omnes</strong></span> <span class='ocrx_word' id='word_1_263' title='bbox 365 2545 533 2601; x_wconf 90' lang='lat' dir='ltr'><strong>pondus</strong></span> <span class='ocrx_word' id='word_1_264' title='bbox 553 2545 639 2587; x_wconf 91' lang='lat' dir='ltr'><strong>diei</strong></span> <span class='ocrx_word' id='word_1_265' title='bbox 659 2549 702 2588; x_wconf 90' lang='lat' dir='ltr'><strong>et</strong></span> <span class='ocrx_word' id='word_1_266' title='bbox 722 2550 864 2588; x_wconf 87' lang='lat' dir='ltr'><strong>aestus</strong></span> <span class='ocrx_word' id='word_1_267' title='bbox 882 2548 1165 2602; x_wconf 84' lang='lat' dir='ltr'><strong>protaverunt</strong></span> <span class='ocrx_word' id='word_1_268' title='bbox 1185 2542 1262 2599; x_wconf 87' lang='lat' dir='ltr'><strong>qui</strong></span> <span class='ocrx_word' id='word_1_269' title='bbox 1280 2558 1356 2600; x_wconf 91' lang='lat' dir='ltr'><strong>per</strong></span> <span class='ocrx_word' id='word_1_270' title='bbox 1387 2547 1451 2584; x_wconf 90' lang='lat' dir='ltr'><strong>tot</strong></span> <span class='ocrx_word' id='word_1_271' title='bbox 1480 2546 1645 2598; x_wconf 90' lang='lat' dir='ltr'><strong>tempo-</strong></span> 
     </span>
     <span class='ocr_line' id='line_1_39' title="bbox 102 2600 1646 2660; baseline -0.002 -16"><span class='ocrx_word' id='word_1_272' title='bbox 102 2617 201 2644; x_wconf 90' lang='lat' dir='ltr'><strong>rum</strong></span> <span class='ocrx_word' id='word_1_273' title='bbox 226 2603 491 2654; x_wconf 87' lang='lat' dir='ltr'><strong>acerbitates,</strong></span> <span class='ocrx_word' id='word_1_274' title='bbox 514 2603 674 2660; x_wconf 89' lang='lat' dir='ltr'><strong>quique</strong></span> <span class='ocrx_word' id='word_1_275' title='bbox 703 2619 781 2659; x_wconf 90' lang='lat' dir='ltr'><strong>per</strong></span> <span class='ocrx_word' id='word_1_276' title='bbox 809 2608 876 2646; x_wconf 94' lang='lat' dir='ltr'><strong>tot</strong></span> <span class='ocrx_word' id='word_1_277' title='bbox 904 2602 1250 2659; x_wconf 86' lang='lat' dir='ltr'><strong>persecutionum</strong></span> <span class='ocrx_word' id='word_1_278' title='bbox 1278 2600 1487 2657; x_wconf 87' lang='lat' dir='ltr'><strong>procellas</strong></span> <span class='ocrx_word' id='word_1_279' title='bbox 1516 2600 1646 2642; x_wconf 90' lang='lat' dir='ltr'><strong>fidem</strong></span> 
     </span>
     <span class='ocr_line' id='line_1_40' title="bbox 101 2658 1642 2718; baseline -0.002 -16"><span class='ocrx_word' id='word_1_280' title='bbox 101 2660 275 2712; x_wconf 84' lang='lat' dir='ltr'><strong>avitam,</strong></span> <span class='ocrx_word' id='word_1_281' title='bbox 298 2660 429 2704; x_wconf 90' lang='lat' dir='ltr'><strong>etiam</strong></span> <span class='ocrx_word' id='word_1_282' title='bbox 449 2676 548 2703; x_wconf 88' lang='lat' dir='ltr'><strong>cum</strong></span> <span class='ocrx_word' id='word_1_283' title='bbox 568 2661 792 2718; x_wconf 87' lang='lat' dir='ltr'><strong>sanguinis</strong></span> <span class='ocrx_word' id='word_1_284' title='bbox 812 2666 856 2704; x_wconf 90' lang='lat' dir='ltr'><strong>et</strong></span> <span class='ocrx_word' id='word_1_285' title='bbox 875 2662 991 2705; x_wconf 85' lang='lat' dir='ltr'><strong>vitae</strong></span> <span class='ocrx_word' id='word_1_286' title='bbox 1021 2659 1268 2703; x_wconf 89' lang='lat' dir='ltr'><strong>discrimine</strong></span> <span class='ocrx_word' id='word_1_287' title='bbox 1297 2658 1509 2701; x_wconf 88' lang='lat' dir='ltr'><strong>illibatam</strong></span> <span class='ocrx_word' id='word_1_288' title='bbox 1543 2673 1642 2700; x_wconf 87' lang='lat' dir='ltr'><strong>oon-</strong></span> 
     </span>
     <span class='ocr_line' id='line_1_41' title="bbox 104 2716 1649 2776; baseline -0.002 -16"><span class='ocrx_word' id='word_1_289' title='bbox 104 2734 273 2761; x_wconf 83' lang='lat' dir='ltr'><strong>servare</strong></span> <span class='ocrx_word' id='word_1_290' title='bbox 292 2718 465 2761; x_wconf 82' lang='lat' dir='ltr'><strong>fortiter</strong></span> <span class='ocrx_word' id='word_1_291' title='bbox 485 2724 737 2775; x_wconf 87' lang='lat' dir='ltr'><strong>satagerunt</strong></span> <span class='ocrx_word' id='word_1_292' title='bbox 755 2735 764 2771; x_wconf 93' lang='grc'>;</span> <span class='ocrx_word' id='word_1_293' title='bbox 797 2735 979 2776; x_wconf 90' lang='lat' dir='ltr'><strong>cumque</strong></span> <span class='ocrx_word' id='word_1_294' title='bbox 999 2719 1134 2760; x_wconf 90' lang='lat' dir='ltr'><strong>dictos</strong></span> <span class='ocrx_word' id='word_1_295' title='bbox 1154 2717 1388 2760; x_wconf 87' lang='lat' dir='ltr'><strong>Monachos</strong></span> <span class='ocrx_word' id='word_1_296' title='bbox 1409 2716 1649 2758; x_wconf 86' lang='lat' dir='ltr'><strong>animarum</strong></span> 
     </span>
     <span class='ocr_line' id='line_1_42' title="bbox 103 2773 1650 2834; baseline -0.001 -16"><span class='ocrx_word' id='word_1_297' title='bbox 103 2791 229 2818; x_wconf 91' lang='lat' dir='ltr'><strong>curae</strong></span> <span class='ocrx_word' id='word_1_298' title='bbox 248 2776 296 2818; x_wconf 88' lang='lat' dir='ltr'><strong>in</strong></span> <span class='ocrx_word' id='word_1_299' title='bbox 315 2777 552 2833; x_wconf 88' lang='lat' dir='ltr'><strong>praetensis</strong></span> <span class='ocrx_word' id='word_1_300' title='bbox 571 2777 795 2820; x_wconf 88' lang='lat' dir='ltr'><strong>Parochiis</strong></span> <span class='ocrx_word' id='word_1_301' title='bbox 824 2793 1017 2834; x_wconf 89' lang='lat' dir='ltr'><strong>unquam</strong></span> <span class='ocrx_word' id='word_1_302' title='bbox 1044 2776 1283 2833; x_wconf 79' lang='lat' dir='ltr'><strong>praefectos</strong></span> <span class='ocrx_word' id='word_1_303' title='bbox 1312 2774 1446 2817; x_wconf 79' lang='lat' dir='ltr'><strong>fuisse</strong></span> <span class='ocrx_word' id='word_1_304' title='bbox 1475 2773 1650 2817; x_wconf 90' lang='lat' dir='ltr'><strong>omnino</strong></span> 
     </span>
     <span class='ocr_line' id='line_1_43' title="bbox 102 2832 1650 2887; baseline -0.002 -10"><span class='ocrx_word' id='word_1_305' title='bbox 102 2835 317 2878; x_wconf 88' lang='lat' dir='ltr'><strong>incertum</strong></span> <span class='ocrx_word' id='word_1_306' title='bbox 338 2834 418 2887; x_wconf 85' lang='lat' dir='ltr'><strong>sit3</strong></span> <span class='ocrx_word' id='word_1_307' title='bbox 450 2835 873 2878; x_wconf 89' lang='lat' dir='ltr'><strong>Indubitatissimum</strong></span> <span class='ocrx_word' id='word_1_308' title='bbox 892 2850 994 2879; x_wconf 87' lang='lat' dir='ltr'><strong>vero</strong></span> <span class='ocrx_word' id='word_1_309' title='bbox 1015 2850 1185 2877; x_wconf 89' lang='lat' dir='ltr'><strong>omnem</strong></span> <span class='ocrx_word' id='word_1_310' title='bbox 1204 2833 1443 2876; x_wconf 87' lang='lat' dir='ltr'><strong>auimarum</strong></span> <span class='ocrx_word' id='word_1_311' title='bbox 1464 2832 1650 2875; x_wconf 87' lang='lat' dir='ltr'><strong>solicitu-</strong></span> 
     </span>
    </p>
   </div>
  </div>
 </body>
</html>
