1887 3188
640 129 733 156 ΛΝΒ
750 129 1096 158 CLONMACNOISE.
1565 118 1648 159 145

95 234 143 272 et
182 233 475 287 praesentatas
514 230 631 286 pacis
665 230 976 272 Oommissariis
1015 230 1168 273 ultimo
1212 247 1357 274 mense
1398 232 1645 283 Februario,

98 293 149 330 ut
183 294 274 330 tam
304 288 443 331 clerus
467 303 597 344 quam
630 288 815 344 populus
846 288 1019 330 illarum
1050 289 1400 332 reformationem
1429 295 1472 333 et
1503 306 1644 332 emen-

93 345 315 388 dationem
335 361 361 388 a
381 345 467 388 Sua
486 345 758 388 Excellentia
777 346 1002 396 obtineret,
1021 350 1065 388 et
1086 347 1355 390 subditorum
1375 348 1647 405 displicentia

98 409 404 456 removeretur,
445 404 612 446 nullam
650 407 796 446 tamen
837 403 1175 447 satisfactionem
1219 410 1295 448 aut
1336 406 1646 448 emendationis

99 464 275 517 signum
295 467 393 518 post
413 467 507 504 octo
522 478 537 518 ]
545 477 615 503 am
634 477 802 504 menses
818 461 1090 518 (gravamina
1110 462 1226 504 enim
1246 479 1392 506 mense
1405 465 1643 507 Decembri

98 520 225 571 1649,
263 519 602 576 Oongregationi
642 519 1063 562 Cluonmacnosiensi
1096 525 1294 577 porrecta
1331 521 1470 579 fuere)
1514 537 1644 578 appa-

99 578 251 628 ruisse,
272 582 315 620 et
335 577 449 620 mala
483 578 560 620 illa
590 593 699 633 quae
724 578 875 621 ruinae
896 593 1044 619 ansam
1069 593 1204 635 regno
1233 579 1458 630 dederunt,
1480 595 1647 635 semper

92 641 209 678 stare
230 640 274 678 et
293 651 466 678 manere
484 653 492 688 3
525 641 568 678 et
587 640 876 692 protestamur
896 635 1096 678 universo
1117 636 1212 679 orbi
1231 652 1308 679 nos
1329 653 1499 680 omnem
1519 653 1643 694 opem

96 708 144 735 ac
165 707 339 750 operam
359 694 603 736 adhibuisse
622 698 672 735 ut
692 694 842 750 populi
862 693 1062 736 timorem
1092 699 1136 736 et
1165 694 1449 738 diffidentiam
1479 701 1642 739 averte-

95 767 252 802 remus,
273 767 352 794 nec
373 758 518 794 tamen
537 752 838 808 praevaluisse.

157 810 245 852 160.
277 809 457 852 Praeter
476 810 684 866 allegatas
703 825 719 866 J
727 825 795 851 am
809 809 995 867 injurias
1016 814 1059 852 et
1072 810 1352 853 violationem
1367 811 1648 853 articulorum

96 868 227 923 pacis,
250 873 400 910 contra
419 867 685 924 religionem,
709 868 880 923 regium
899 883 914 924 J
922 883 985 919 us,
1008 873 1051 909 et
1071 869 1305 920 nationem,
1327 869 1440 911 nihil
1471 876 1649 926 apparet

96 926 183 967 nisi
215 926 432 977 desolatio,
462 926 659 978 vastatio,
689 926 956 982 deflagratio,
990 930 1033 968 et
1062 927 1200 983 regni,
1233 928 1359 983 cujus
1389 934 1476 970 tres
1504 932 1648 984 partes

96 999 213 1026 nunc
231 984 347 1026 hosti
367 984 506 1027 factae
541 989 643 1026 sunt
672 984 940 1034 tributariae,
963 984 1225 1037 destructi03
1258 985 1466 1037 civitates,
1490 986 1647 1042 oppida

93 1046 140 1085 et
174 1042 267 1084 loca
298 1042 532 1084 munitiora
566 1042 614 1084 in
646 1042 838 1084 hostium
873 1042 1141 1085 devenerunt
1178 1048 1448 1100 potestatem,
1491 1045 1648 1086 altaria

90 1100 255 1151 diruta,
288 1100 451 1156 templa
490 1101 673 1157 perdita,
709 1100 948 1143 sacerdotes
988 1101 1099 1143 caesi
1139 1116 1187 1144 ac
1226 1102 1468 1158 proscripti,
1508 1117 1645 1144 sacra-

95 1162 254 1209 menta,
290 1158 508 1210 sacrificia,
537 1173 585 1201 ac
622 1174 741 1201 sacra
775 1158 919 1200 omnia
952 1158 1181 1214 profanata
1209 1165 1310 1202 sunt
1337 1165 1380 1202 et
1408 1176 1645 1217 suppressa,

96 1216 311 1258 exercitus
361 1221 404 1259 et
453 1232 638 1273 magnus
693 1216 884 1258 militum
938 1232 1145 1259 numerus
1194 1232 1218 1259 a
1270 1218 1504 1261 Catholicis
1559 1218 1647 1260 fuit

94 1273 333 1316 liberaliter
374 1278 649 1325 sustentatus,
691 1274 812 1316 nulla
858 1280 1005 1317 tamen
1053 1274 1170 1317 facta
1219 1275 1334 1318 hosti
1376 1277 1644 1328 resistentia3

92 1332 174 1386 qui
203 1332 251 1374 in
280 1332 449 1375 hostem
477 1337 725 1389 pugnarent
753 1333 989 1375 examinati
1024 1339 1136 1384 sunt,
1167 1334 1243 1389 qui
1274 1334 1516 1377 Catholicos
1548 1350 1645 1391 pro-

92 1391 250 1432 derent
279 1391 461 1432 animati
496 1396 540 1433 et
571 1391 782 1447 promoti;
828 1391 976 1432 nullus
1011 1391 1196 1447 denique
1229 1399 1406 1448 apparet
1434 1393 1647 1435 exercitus

97 1453 172 1489 aut
192 1447 397 1491 defensio.
460 1448 590 1492 Unde
611 1464 659 1491 eo
680 1449 914 1491 deventum
943 1453 993 1490 ut
1017 1449 1245 1505 desperent
1274 1451 1439 1493 incolae
1470 1467 1643 1508 recupe-

96 1521 192 1548 rare
213 1507 329 1562 quod
349 1510 414 1549 est
432 1507 664 1563 perditum,
688 1511 763 1548 aut
783 1511 930 1549 tenere
951 1507 1067 1562 quod
1086 1508 1272 1550 necdum
1299 1509 1583 1565 perdiderunt
1603 1515 1647 1552 et

93 1579 172 1620 pro
204 1565 320 1607 vitae
359 1569 403 1607 et
435 1564 711 1608 fortunarum
744 1580 919 1606 suarum
950 1565 1272 1608 conservatione
1302 1567 1430 1622 proni
1470 1568 1558 1609 sint
1593 1568 1649 1609 ad

97 1622 428 1679 transigendum
483 1638 579 1666 cum
637 1623 928 1674 Parlamento,
982 1623 1063 1665 sibi
1118 1625 1424 1680 persuadentes
1480 1625 1647 1667 nullam

96 1681 281 1723 salutem
321 1686 397 1723 aut
435 1680 778 1723 incolumitatem
817 1696 939 1738 posse
979 1697 1070 1723 esse
1109 1682 1214 1738 ipsis
1255 1683 1332 1738 qui
1371 1683 1528 1726 vivunt
1568 1685 1646 1726 sub

96 1738 466 1781 Excellentissimi
485 1740 540 1781 D.
563 1739 767 1795 Proregis
789 1739 1012 1795 gubernio,
1036 1739 1163 1796 cujus
1182 1741 1360 1783 comites
1391 1747 1492 1783 sunt
1523 1742 1646 1784 sinis-

94 1801 213 1838 trum
228 1797 370 1840 fatum
391 1803 434 1839 et
453 1797 756 1839 infortunium.
821 1797 989 1844 Quibus
1018 1798 1144 1840 malis
1170 1803 1220 1840 ut
1249 1805 1498 1841 occurratur
1526 1806 1569 1842 et
1598 1807 1648 1842 ut

97 1870 282 1911 regnum
322 1856 468 1912 regiae
499 1855 726 1913 Majestati
762 1860 805 1897 et
847 1855 1081 1898 Catholicis
1121 1856 1209 1898 suis
1250 1857 1433 1899 subditis
1472 1859 1646 1914 penitus

96 1928 185 1955 non
223 1913 442 1969 perdatur,
477 1929 555 1956 nos
586 1913 926 1970 Archiepiscopi,
955 1914 1172 1971 Episcopi,
1206 1919 1250 1957 et
1282 1915 1357 1957 alii
1382 1916 1574 1958 Praelati
1604 1922 1648 1959 et

96 1971 339 2027 Dignitarii
387 1971 611 2027 utriusque
653 1971 758 2014 cleri
806 1972 854 2013 in
893 1972 974 2015 hoc
1014 1988 1161 2029 regno,
1203 1973 1437 2029 praemissa
1476 1980 1645 2016 matura

97 2029 419 2081 deliberatione,
451 2029 741 2087 judicavimus
766 2045 845 2072 nos
868 2029 916 2071 in
950 2031 1211 2073 conscientia
1245 2032 1384 2073 teneri
1416 2032 1471 2073 ad
1505 2033 1644 2074 decla-

95 2088 280 2129 randum
312 2095 462 2130 contra
496 2087 863 2131 continuationem
897 2087 1043 2144 regiae
1076 2088 1354 2131 authoritatis
1386 2090 1433 2131 in
1463 2106 1645 2146 persona

92 2145 361 2188 Marchionis
389 2146 630 2197 Ormoniae,
658 2146 893 2202 praemissa
926 2146 1047 2201 prius
1075 2147 1277 2189 universo
1310 2148 1405 2190 orbi
1431 2149 1511 2191 hac
1543 2165 1641 2205 pro-

96 2204 339 2256 testatione,
381 2204 496 2260 quod
539 2204 625 2246 nisi
664 2219 742 2246 nos
783 2208 825 2246 et
865 2204 992 2260 regni
1030 2204 1215 2260 populus
1256 2220 1367 2260 pene
1416 2207 1643 2249 universus

90 2262 436 2317 desperassemus
485 2262 538 2304 de
587 2278 722 2319 regno
772 2262 1063 2318 recuperando
1113 2263 1191 2305 sub
1246 2263 1366 2305 illius
1416 2265 1640 2320 gubernio,

93 2335 318 2375 nunquam
352 2320 650 2363 deveniremus
690 2320 745 2362 ad
784 2320 895 2361 hanc
934 2320 1278 2363 declarationem.
1354 2321 1511 2377 Itaque
1550 2329 1641 2365 tam

91 2382 238 2420 nostro
278 2393 409 2434 quam
440 2378 624 2421 aliorum
659 2378 980 2420 Catholicorum
1009 2378 1136 2435 regni
1168 2378 1343 2422 nomine
1374 2380 1641 2424 declaramus

92 2440 242 2478 contra
281 2436 446 2479 dictum
480 2436 778 2479 Marchionem
818 2436 1061 2487 Ormeniae,
1095 2436 1256 2493 quippe
1295 2438 1372 2494 qui
1410 2438 1523 2482 malo
1564 2455 1639 2482 suo

91 2493 219 2550 regni
267 2494 491 2550 gubernio,
532 2494 725 2536 infausto
774 2494 912 2550 Regis
961 2495 1175 2537 exercitus
1217 2496 1363 2546 ductu,
1407 2497 1638 2540 violatione

89 2551 287 2607 publicae
307 2552 410 2594 fidei
429 2568 533 2609 erga
552 2553 761 2609 populum
782 2551 1024 2608 specialiter
1043 2552 1091 2594 in
1114 2553 1264 2595 multis
1283 2554 1476 2596 articulis
1505 2557 1635 2611 pacis,

91 2609 280 2651 reddidit
320 2616 364 2652 et
403 2611 602 2653 exhibuit
643 2626 686 2653 se
726 2611 973 2666 incapacem
1008 2611 1291 2653 continuandi
1329 2612 1448 2654 illius
1487 2615 1637 2670 magni

88 2667 285 2722 depositi,
327 2683 511 2724 quarum
549 2669 742 2711 omnium
781 2668 1044 2725 injuriarum
1079 2673 1123 2711 et
1161 2669 1266 2711 mali
1306 2671 1508 2726 gubernii
1539 2688 1638 2715 reus

92 2730 265 2767 tenetur
294 2727 550 2782 respondere
569 2742 712 2769 coram
732 2726 819 2769 Sua
839 2726 1084 2783 Majestate‚
1105 2727 1154 2769 in
1173 2742 1302 2783 quem
1328 2729 1531 2771 effectum
1560 2746 1639 2773 nos

88 2799 186 2826 cum
207 2783 304 2826 aliis
324 2784 450 2840 regni
475 2785 681 2827 membris
704 2789 853 2827 contra
877 2784 1004 2827 illum
1031 2800 1222 2841 agamus,
1251 2801 1327 2828 sua
1356 2787 1423 2828 illi
1452 2788 1635 2831 crimina

82 2857 232 2884 coram
281 2841 368 2885 Sua
406 2842 639 2900 Majestate
687 2841 930 2900 objiciendo
980 2846 1024 2885 et
1066 2843 1206 2900 justas
1254 2844 1428 2887 illarum
1478 2861 1637 2902 poenas

1411 2902 1460 2945 11
