1887 3188
707 98 1105 127 LIOS-ARD-ABHLA.
1624 84 1679 126 25

129 201 396 259 petitioning
427 206 471 244 to
506 202 559 244 be
593 201 782 244 relieved
817 201 929 243 from
960 201 1035 242 the
1069 200 1237 242 burden
1269 200 1370 241 thus
1400 199 1593 256 imposed
1627 214 1681 240 on

129 260 234 310 him,
271 261 448 316 stating‚
486 275 532 302 as
565 260 635 302 his
669 260 829 301 motive
849 259 918 301 for
939 259 1027 300 this
1047 264 1233 313 request‚
1267 258 1364 299 that
1384 257 1439 299 he
1474 272 1558 298 was
1587 272 1683 298 now

131 317 329 374 weighed
348 318 475 361 down
496 318 603 360 with
624 332 761 374 years,
785 317 871 358 and
907 321 932 339 “
946 317 1034 358 had
1069 316 1289 372 governed
1308 316 1383 357 the
1403 315 1583 357 Diocese
1614 315 1683 356 for

130 375 422 433 thirty-seven
442 391 580 432 years,
602 391 647 418 as
668 374 1013 418 Vicar-Greneral
1033 375 1119 416 and
1138 372 1425 430 Apostolic.’']

130 531 302 577 Dilecto
323 532 437 574 Filio
452 532 482 575 J
485 533 614 574 oanni
636 532 828 582 Gauneo,
851 532 1111 587 Presbytero
1147 531 1344 573 Hiberno
1365 530 1412 572 in
1433 529 1621 572 Civitate
1643 535 1686 572 et

424 591 608 633 Diaecesi
628 590 920 632 Ardachaten.
944 590 1120 632 Vicario
1141 588 1404 644 Apostolico.

635 676 873 733 Gregorius
894 675 1014 731 Papa
1034 674 1134 716 XV.

219 775 389 818 Dilecte
405 775 507 828 Fili,
531 775 715 818 salutem
735 774 1031 831 Apostolicam
1061 772 1429 816 Benedictionem.
1491 770 1685 813 Ecclesia

133 833 328 875 Romana
363 834 575 876 foecunda
606 839 746 876 mater
766 833 956 875 filiorum
990 848 1087 888 quae
1123 847 1230 887 quos
1264 846 1342 887 per
1381 829 1686 885 Evangelium‚

133 892 285 948 genuit
305 892 384 934 alit
403 892 598 934 instituit
618 900 661 934 et
682 892 868 948 propriis
889 891 1072 933 admotis
1102 890 1306 932 uberibus
1325 889 1452 930 modo
1472 887 1538 929 lac
1559 887 1685 928 modo

132 950 276 992 cibum
297 951 627 993 subministrans
649 965 796 992 omnes
816 950 908 991 Deo
929 948 1184 992 lucrifacere
1204 947 1404 994 intendit,
1428 946 1475 987 in
1496 945 1685 987 Civitate

132 1014 175 1049 et
214 1008 398 1051 Diaecesi
440 1008 760 1052 Ardachatensi
798 1007 991 1050 Pastoris
1038 1007 1188 1049 solatio
1238 1004 1456 1047 destitutis
1510 1003 1687 1060 propius

133 1067 309 1109 intuens
344 1067 577 1109 eorundem
608 1066 867 1123 populorum
901 1065 1031 1107 saluti
1061 1080 1150 1107 non
1169 1064 1314 1105 minus
1339 1077 1470 1118 quam
1500 1061 1687 1117 propriae

131 1125 361 1180 invigilat:
385 1130 648 1181 quapropter
668 1141 723 1167 ne
745 1140 854 1181 grex
873 1124 948 1166 ille
969 1124 1060 1165 sine
1081 1123 1221 1179 capite
1252 1122 1468 1177 dispersus
1484 1120 1687 1161 aberrans

131 1183 333 1238 luporum
354 1182 551 1225 faucibus
571 1183 746 1238 penitus
766 1188 1007 1238 exponatur
1023 1182 1077 1223 de
1092 1186 1168 1222 tua
1183 1180 1281 1230 fide,
1303 1179 1536 1235 prudentia
1556 1182 1686 1232 atque

133 1241 402 1296 experientia
422 1241 660 1298 plurimum
680 1241 728 1282 in
748 1241 860 1282 Dno.
884 1240 1157 1286 confidentes,
1173 1244 1217 1280 te
1233 1239 1279 1279 in
1297 1237 1484 1279 Civitate
1505 1240 1549 1278 et
1569 1235 1684 1277 Diae-

133 1299 218 1340 cesi
237 1299 624 1341 Ardachaten-—in
646 1298 943 1355 spiritualibus
956 1303 999 1340 et
1015 1296 1289 1354 generalibus
1302 1295 1527 1337 Vicarium
1545 1292 1683 1335 Gene-

132 1357 267 1398 ralem
289 1363 332 1399 et
353 1357 575 1400 officialem
592 1372 640 1399 ac
656 1362 854 1399 nostrum
869 1362 912 1398 et
926 1356 1048 1412 Sedis
1060 1354 1322 1411 Apostolicae
1336 1352 1687 1395 Commissarium

133 1415 188 1456 ad
219 1420 417 1457 nostrum
453 1421 496 1458 et
531 1416 658 1457 dictae
694 1415 817 1457 Sedis
848 1414 1167 1470 beneplacitum
1200 1412 1455 1454 auctoritate
1496 1409 1681 1466 Aposto-

132 1473 215 1514 lica
255 1479 403 1515 tenore
438 1474 718 1530 praesentium
755 1473 939 1515 facimus
979 1471 1282 1514 constituimus
1329 1476 1372 1511 et
1412 1469 1681 1524 deputamus,

133 1531 299 1573 Dantes
320 1532 402 1574 tibi
422 1532 596 1588 plenam
631 1540 674 1573 et
707 1531 891 1573 liberam
926 1529 1181 1572 facultatem
1217 1534 1260 1570 et
1279 1532 1537 1584 potestatem
1568 1525 1684 1581 quod

133 1604 182 1631 ea
213 1605 309 1645 quae
351 1595 453 1632 sunt
497 1589 812 1647 jurisdictionis
860 1604 949 1631 non
994 1594 1139 1630 autem
1189 1587 1352 1629 ordinis
1402 1600 1498 1640 quae
1548 1583 1683 1639 Epus.

132 1646 472 1690 Ardachatensis
507 1648 543 1689 si
574 1648 740 1690 adesset
772 1653 863 1689 tam
898 1663 953 1689 ex
993 1645 1304 1688 consuetudine
1340 1659 1471 1699 quam
1500 1642 1553 1684 de
1585 1642 1686 1698 jure

134 1707 352 1747 communi
378 1721 426 1748 ac
457 1706 587 1748 etiam
620 1722 675 1748 ex
710 1706 894 1748 decretis
931 1704 1115 1747 Concilii
1147 1702 1394 1745 Tridentini
1425 1701 1472 1742 in
1503 1705 1688 1755 utroque

132 1763 228 1805 foro
259 1764 418 1807 habere
450 1770 494 1806 et
524 1780 723 1807 exercere
754 1768 898 1820 posset
928 1778 1097 1805 necnon
1129 1777 1228 1804 cum
1268 1759 1442 1817 speciali
1480 1757 1689 1800 facultate

134 1837 281 1864 omnes
317 1827 361 1864 et
400 1838 690 1879 quoscumque
725 1821 962 1864 haereticos
998 1827 1041 1863 et
1076 1819 1367 1862 schismaticos
1402 1818 1449 1858 in
1483 1816 1688 1858 Ecclesiae

135 1881 350 1936 gremium
370 1886 636 1923 revertentes
656 1880 906 1922 absolvendi
926 1895 974 1921 ac
1005 1894 1103 1921 cum
1120 1878 1180 1920 eis
1207 1878 1260 1919 de
1290 1877 1505 1918 fructibus
1536 1874 1689 1929 quovis

134 1939 261 1980 modo
292 1954 370 1994 per
406 1954 476 1981 eos
508 1939 619 1981 male
651 1938 866 1995 perceptis
898 1937 1003 1979 locis
1039 1943 1083 1979 et
1117 1936 1265 1978 usibus
1304 1935 1389 1991 piis
1423 1931 1689 1989 applicandis

135 1997 431 2052 componendi,
453 1996 635 2053 illosque
666 1997 702 2038 si
733 1996 816 2038 tibi
846 1996 1066 2037 videbitur
1096 1994 1144 2036 in
1175 1998 1318 2036 totum
1344 1992 1415 2035 vel
1444 1992 1491 2033 in
1520 1995 1690 2046 partem

135 2055 420 2106 condonandi,
442 2055 656 2098 Ecclesias
692 2061 736 2096 et
771 2069 1053 2110 quaecumque
1086 2052 1180 2095 loca
1212 2052 1285 2108 pia
1315 2065 1445 2106 quam
1466 2048 1689 2092 celerrime

135 2117 178 2154 et
199 2113 344 2155 debita
375 2129 475 2156 cum
505 2113 737 2169 diligentia
767 2112 897 2169 juxta
932 2126 1149 2154 sacrorum
1183 2110 1407 2151 Canonum
1441 2112 1484 2149 et
1505 2105 1690 2149 Concilii

137 2169 383 2213 Tridentini
432 2171 759 2228 dispositionem
813 2170 1020 2212 visitandi
1055 2174 1098 2211 et
1149 2166 1428 2216 reformandi,
1474 2164 1687 2221 synodum

136 2228 395 2280 celebrandi,
418 2234 567 2271 curata
589 2236 631 2271 et
651 2244 739 2271 non
760 2234 909 2271 curata
929 2227 1137 2270 beneficia
1158 2226 1325 2268 servata
1345 2224 1485 2266 forma
1505 2222 1618 2279 juris
1638 2236 1687 2263 ac

137 2286 243 2328 dicti
263 2287 434 2329 concilii
455 2288 719 2337 conferendi,
738 2286 993 2334 coemeteria,
1012 2285 1198 2327 oratoria
1210 2282 1394 2339 capellas
1415 2286 1458 2323 et
1473 2279 1688 2322 Ecclesias

136 2359 427 2401 quascumque
473 2346 661 2402 pollutas
700 2344 1007 2387 reconciliandi
1046 2348 1298 2399 paramenta
1338 2347 1382 2382 et
1421 2342 1686 2386 ornamenta,

137 2403 280 2444 omnia
301 2402 604 2445 Ecclesiastica
624 2404 679 2445 ad
698 2418 825 2445 usum
844 2401 1136 2444 Ecclesiarum
1156 2399 1290 2442 totius
1310 2396 1527 2440 Dioeoesis
1546 2410 1689 2437 neces-

138 2461 261 2511 saria,
294 2477 383 2503 non
403 2467 549 2504 tamen
578 2477 681 2504 vasa
710 2461 787 2503 ubi
819 2475 938 2502 sacra
970 2459 1118 2501 unctio
1153 2457 1396 2506 adhibetur,
1428 2452 1686 2497 bendicendi

138 2524 180 2560 et
201 2520 490 2570 consecrandi,
513 2519 776 2561 dimissorias
798 2524 841 2560 et
872 2516 1244 2560 commendatitias
1276 2515 1444 2556 litteras
1465 2512 1520 2554 ad
1540 2526 1688 2553 omnes

138 2576 268 2618 etiam
290 2577 440 2619 Sacros
461 2582 505 2620 et
520 2578 852 2633 Presbyteratus
873 2576 1044 2618 ordines
1065 2572 1338 2620 concedendi,
1354 2577 1447 2621 etc.,
1471 2575 1567 2619 etc.,
1590 2584 1690 2610 cum

138 2634 346 2677 facultate
367 2641 410 2678 et
431 2635 721 2677 substituendi
741 2634 822 2676 tibi
842 2634 889 2675 in
905 2648 1006 2676 casu
1024 2632 1291 2675 necessitatis
1312 2629 1445 2671 alium
1465 2627 1691 2670 Vicat-ium

139 2706 238 2734 cum
259 2693 390 2735 simili
411 2693 481 2735 vel
501 2694 688 2735 limitata
699 2694 925 2748 potestate,
942 2706 1072 2747 quem
1087 2689 1312 2732 Vicarium
1328 2687 1418 2729 Nos
1431 2701 1530 2729 cum
1543 2685 1692 2727 eadem

139 2756 351 2805 potestate
371 2767 426 2794 ex
445 2766 561 2793 nunc
582 2750 896 2794 constituimus.

436 2809 601 2850 Datum
622 2808 773 2850 Romae
793 2807 908 2863 apud
929 2806 971 2849 S.
995 2807 1194 2851 Petrum..
1212 2804 1280 2845 die
1304 2804 1357 2845 14
1379 2803 1408 2844 J
1411 2817 1478 2844 an.
1503 2801 1630 2842 1622.
