1887 3188
225 98 308 141 150
753 108 934 138 mocusu
963 108 1017 137 oF
1047 107 1233 136 ARDAGH

224 214 368 255 dinem
408 228 433 255 a
466 217 657 268 tempore
690 209 1019 253 immemorabili
1050 209 1104 251 ab
1135 207 1196 250 eis
1231 207 1481 250 derelictam
1512 212 1556 249 et
1592 221 1771 264 gregem

226 270 389 314 Christi
408 286 433 312 a
452 270 588 326 Lupis
608 269 943 325 dispergendum
961 282 1040 323 pro
1060 266 1265 308 derelicto
1279 265 1504 317 habuisse3
1536 265 1772 322 Propterea

228 330 283 371 acl
297 328 628 371 remunerandos
643 327 856 384 operarios
868 326 916 367 in
930 326 1072 368 Vinea
1083 324 1261 366 Domini
1275 328 1366 365 tam
1380 324 1456 365 diu
1467 323 1772 374 benemeritos;

227 388 282 429 ad
302 387 522 429 evitandas
556 386 667 436 lites,
690 385 933 435 discordias,
956 388 1000 425 et
1030 382 1326 424 Hierarchalis
1346 382 1463 437 pacis
1493 382 1770 432 eversionem,

229 450 273 487 et
293 446 347 487 ad
366 444 680 500 praevenienda
700 458 830 499 quam
848 441 1036 498 plurima
1057 440 1140 482 alia
1169 439 1441 481 imminentia
1470 439 1595 490 mala,
1619 455 1674 481 ex
1702 439 1772 480 his

230 503 525 558 similibusque
566 501 747 543 aliorum
777 500 1088 542 Monachorum
1117 497 1478 540 Innovationibus
1509 498 1684 548 oritura,
1717 497 1773 539 ad

230 561 493 617 singularem
513 560 709 602 sanitatis
729 564 828 601 tuae
848 557 1132 599 Prudentiam
1152 560 1195 598 et
1214 560 1441 612 paternam
1459 555 1773 611 protectionem

230 619 477 661 submissius
498 618 755 660 recurrimus
777 615 1026 672 suppliciter
1046 615 1348 670 depraecantes
1368 618 1418 655 ut
1430 614 1544 656 dicto
1558 613 1773 656 Canonico

229 676 440 733 Regulari
461 676 651 731 O'Kelly
671 674 891 717 silentium
911 673 1169 729 imponatur,
1192 672 1390 728 nihilque
1410 672 1458 713 in
1473 672 1600 714 rebus
1614 671 1774 713 nostris

230 735 344 791 quod
363 749 511 791 pacem
529 734 743 776 Ecclesiae
764 733 811 774 in
831 731 1073 782 discrimen,
1095 730 1166 773 vel
1196 730 1313 786 quod
1340 730 1574 772 malevolos
1604 734 1773 771 nostros

229 793 433 835 Inimicos
471 792 612 833 irritet
652 792 707 833 ad
745 789 1060 847 persecutiones
1101 788 1350 831 excitandas
1389 788 1592 830 inducere
1631 787 1774 830 valeat

228 851 468 893 innovetur.
530 850 647 891 Deus
669 849 748 904 Op.
772 848 901 890 Mad:
935 846 1217 889 Sanctitatem
1235 851 1357 888 tuam
1378 861 1509 902 quam
1529 846 1773 888 diutissime

229 910 284 951 ad
303 909 519 965 publicam
550 907 794 949 Catholicae
824 905 1046 962 religionis
1075 905 1312 947 utilitatem
1340 905 1602 947 incolumem
1632 908 1774 947 servet

228 967 353 1009 enixe
373 981 608 1022 precamur.

283 1051 492 1102 Dublinii,
516 1051 584 1093 die
605 1052 652 1092 9a
671 1050 701 1092 J
703 1049 808 1101 unii,
833 1050 958 1091 1736.

226 1177 474 1221 Sanctitatis
494 1181 593 1219 tuae
615 1175 1001 1233 Obsequentissimi
1020 1175 1059 1219 F
1061 1175 1196 1218 amuli
1217 1180 1260 1218 et
1282 1175 1635 1218 Obedientissimi
1654 1174 1773 1217 Filii.

1117 1303 1336 1354 JOANNES,

706 1388 921 1445 Archpus,
944 1387 1253 1440 Dubliniensis,
1275 1387 1513 1431 Hiberniae
1533 1386 1714 1429 Primas.

807 1517 871 1557 De
897 1516 1191 1558 commissione.

232 1629 616 1681 CHRISTOPHORUS,
638 1628 853 1685 Archpus,
877 1628 1120 1672 Gasilensis.

229 1687 502 1738 AMBRosms,
525 1687 658 1743 Epus,
681 1687 924 1729 Fernensis.

231 1746 511 1796 STEPHANUS,
534 1745 666 1801 Epus,
690 1744 979 1787 Kildariensis
1000 1750 1043 1788 et
1063 1744 1417 1796 Administrator,
1441 1742 1775 1800 Leighlinensis.

229 1803 484 1854 PATRICms,
507 1804 639 1860 Epus,
664 1804 935 1846 Ossoriensis.

230 1861 521 1913 BERNARDUS,
544 1862 758 1918 Archpus,
782 1861 1045 1904 Tuamensis.

229 1919 510 1971 STEPHANUS‚
533 1920 742 1962 Midensis
761 1920 893 1976 Epus,
917 1920 990 1962 Sco.

229 1977 267 2019 F
270 1994 303 2020 r.
326 1978 555 2029 MICHAEL,
577 1978 710 2034 Epus,
733 1977 1065 2030 Killmoriensis,
1090 1978 1193 2021 O.P.

230 2035 268 2077 F
271 2051 312 2078 R.
334 2036 524 2087 PETRUS,
547 2037 680 2092 Epus,
703 2035 1069 2093 Ardaghadensis.

229 2094 302 2136 Fr.
325 2094 578 2146 PATRICIUS,
601 2095 892 2151 Elphinensis,
914 2095 1047 2152 Epus.

255 2220 437 2274 Capituli
454 2221 730 2263 &eminiensis
751 2222 985 2276 Diynitarii
1004 2222 1183 2265 suorum
1199 2225 1238 2263 et
1259 2224 1380 2264 totius
1396 2224 1565 2276 capituli
1579 2223 1747 2264 nomine.

231 2332 476 2376 DIONYSIUS
495 2333 672 2386 BYRNE,
694 2334 911 2378 Ecclesiae
931 2334 1291 2392 Metropolitanae
1307 2333 1371 2377 Sti·
1385 2333 1574 2385 Patritfi,
1589 2334 1777 2376 Dublin-

347 2392 475 2434 iensis
496 2392 705 2435 Decanus.

232 2448 426 2492 JAoossus
446 2450 636 2501 DILLON,
660 2451 798 2493 dictae
818 2450 1035 2494 Ecclesiae
1055 2450 1327 2494 Praecentor.

232 2507 262 2548 J
264 2521 435 2550 OANNEs
455 2508 693 2560 HARROLD,
718 2509 1019 2552 Cancellarius.

233 2564 377 2607 SIMON
398 2565 617 2618 Mumw,
641 2567 960 2610 Thesaurarius.

234 2621 365 2665 THos.
388 2623 576 2675 Avan,
599 2624 942 2668 Archidiaconus
962 2624 1275 2667 Dubliniensis.

232 2679 463 2724 RmARnns
483 2682 738 2735 LYNCOLNE,
760 2682 1103 2726 Archidiaconus
1125 2683 1293 2725 Glands·
