1887 3188
249 138 332 180 118
769 150 952 179 1110οΕ811
981 150 1036 178 OF
1065 150 1269 178 ARDAGH.

242 253 463 310 impedita,
500 252 686 295 violatae
720 267 788 295 res
815 268 958 295 sacrae
992 268 1071 295 nec
1101 268 1190 294 non
1219 252 1406 309 lugubre
1436 251 1621 294 exitium
1655 256 1789 307 atque

245 312 402 368 ingens
420 311 603 354 vastatio
621 310 751 367 agris,
773 311 899 352 tectis
919 315 963 352 et
976 310 1163 352 urbibus
1183 310 1317 361 illata,
1342 314 1486 352 secuta
1516 314 1581 352 est
1600 309 1788 365 denique

248 369 454 412 Limerici
489 369 662 419 deditio,
685 369 879 411 luctuosa
911 368 1101 424 quidem,
1137 369 1251 424 quod
1284 383 1372 409 una
1405 373 1546 410 totum
1581 366 1789 423 Regnum

246 428 491 478 dedebatur,
514 427 750 469 necessaria
784 432 929 468 tamen
949 427 1002 468 ob
1033 441 1227 468 annonae
1260 426 1478 468 defectum
1509 430 1552 467 et
1570 425 1787 467 incertum

245 486 539 542 suppetiarum
559 486 793 527 adventum
812 500 890 540 per
910 489 975 526 tot
994 484 1130 526 maria
1163 484 1354 526 hostium
1374 483 1579 526 classibus
1612 482 1787 534 infesta,

242 544 432 586 honestis
468 544 642 599 quidem
677 543 792 585 facta
826 542 1157 595 conditionibus,
1191 543 1264 584 sed
1299 542 1456 592 infidis,
1490 542 1605 597 quod
1638 556 1787 583 earum

241 602 308 643 vis
343 617 367 643 a
402 602 673 643 comitiorum
708 601 894 656 Anglia'
919 601 1226 642 ratihabitione
1265 600 1485 656 penderet,
1522 614 1706 655 quorum
1737 599 1786 640 in

243 659 512 701 Catholicum
546 675 702 701 nomen
734 659 880 700 odium
913 658 1143 714 plusquam
1177 658 1467 708 vatineanum,
1491 658 1658 699 cunctis
1687 672 1785 712 per·-

242 722 434 773 spectum
456 723 560 759 erat.
622 717 744 759 Hinc
765 718 937 758 tametsi
967 717 1292 771 promitteretur
1322 717 1369 757 in
1403 716 1532 757 factis
1562 715 1787 757 conventis

238 775 325 817 tale
345 775 589 831 Religionis
618 775 857 817 exercitum
887 774 1012 830 quale
1035 775 1112 816 sub
1150 774 1301 816 Carolo
1322 775 1376 815 20
1399 773 1556 825 fuerat,
1578 773 1625 814 id
1656 788 1784 814 nemo

237 839 383 875 tamen
413 834 609 889 sperabat
641 833 756 888 quod
790 848 814 873 a
847 832 1044 874 Comitiis
1074 847 1267 887 unquam
1299 837 1408 874 esset
1443 831 1781 888 approbandum,

238 892 304 933 uti
331 907 398 933 res
431 893 535 947 ipsa,
558 896 701 947 postea
739 891 1061 932 demonstravit.
1124 890 1347 946 Siquidem
1382 890 1478 946 lege
1509 890 1650 931 denuo
1679 889 1782 939 lata,

238 955 281 991 et
309 950 361 991 ab
393 948 582 991 Auriaco
603 949 854 996 confirmata
874 949 1058 990 vetitum
1093 954 1157 990 est
1194 924 1450 990 Catholici?
1457 947 1597 989 ullum
1633 962 1784 1000 gerere

237 1007 423 1049 officium
443 1007 569 1049 civile
591 1012 666 1048 aut
685 1006 887 1057 militare,
910 1021 1056 1048 causas
1076 1006 1268 1048 forenses
1281 1007 1473 1056 actitare,
1490 1013 1786 1047 mercaturum

236 1070 310 1106 aut
344 1065 479 1106 ullam
510 1065 639 1106 aliam
685 1069 822 1106 artem
869 1064 1000 1106 etiam
1046 1064 1240 1105 infimam
1286 1079 1497 1114 exercere,
1531 1063 1701 1119 uspiam
1733 1063 1783 1104 in

235 1123 460 1174 Hibernia,
497 1123 583 1164 nisi
636 1123 820 1164 admissa
873 1122 994 1178 prius
1034 1127 1144 1163 testa
1189 1122 1323 1178 (test),
1361 1122 1428 1163 uti
1467 1127 1635 1171 vocant,
1672 1136 1783 1176 quae

235 1181 455 1223 haereseos
475 1186 634 1222 tessera
654 1185 731 1229 est,
754 1186 797 1222 et
818 1180 1044 1222 dissertam
1065 1184 1437 1222 controversorum
1457 1180 1558 1221 fidei
1587 1180 1781 1235 capitum

234 1239 426 1281 continet
465 1239 794 1295 abjurationem,
836 1243 887 1279 ut
936 1238 1005 1280 vel
1038 1238 1097 1280 sic
1147 1238 1377 1280 necessitas
1424 1237 1658 1280 Catholicis
1698 1237 1780 1278 im-

233 1302 464 1352 poneretur
504 1302 580 1338 aut
601 1296 824 1338 deserendi
844 1296 974 1338 fidem
994 1301 1070 1338 aut
1100 1295 1215 1338 fame
1248 1296 1469 1352 pereundi.
1530 1295 1627 1337 Hoc
1656 1311 1780 1352 prae—

232 1354 427 1397 videntes
457 1355 754 1411 prudentiores
774 1354 935 1409 quique
966 1354 1191 1405 Catholici,
1213 1354 1460 1396 maluerunt
1489 1353 1784 1395 voluntarium

233 1428 331 1454 cum
350 1412 484 1455 libero
505 1412 749 1468 Religionis
770 1412 974 1454 exercitio
1005 1412 1197 1463 exilium,
1221 1427 1351 1468 quam
1380 1412 1560 1453 infidam
1589 1411 1783 1467 quietem

176 1475 181 1483 ¹
233 1471 286 1513 ab
306 1471 495 1512 hostium
515 1471 694 1513 arbitrio
714 1470 958 1526 pendulam.
1020 1470 1139 1512 Hinc
1159 1486 1237 1526 pro
1257 1471 1350 1512 Deo
1365 1485 1529 1526 proque
1549 1469 1782 1525 Religione

233 1528 428 1570 Patriam
461 1529 679 1584 Laresque
711 1528 922 1571 Paternos
954 1529 1178 1571 deseruere
1213 1534 1263 1570 ut
1298 1528 1390 1570 Deo
1426 1543 1606 1585 peregre
1641 1528 1782 1569 tutius

235 1587 509 1629 inservirent.

323 1644 469 1687 Habet
489 1645 560 1687 hic
581 1644 657 1687 Stas
681 1645 758 1687 Vsa
780 1645 927 1686 Status
947 1644 1086 1686 nostri
1099 1644 1310 1686 rationem
1328 1660 1337 1695 ;
1369 1643 1490 1686 videt
1503 1643 1781 1699 Religionem

233 1718 343 1757 pene
363 1703 576 1759 extingui,
599 1718 708 1758 quae
728 1718 815 1745 11011
844 1703 907 1744 ita
935 1703 1105 1759 pridem
1133 1702 1369 1758 incipiebat
1403 1701 1554 1744 florere
1574 1708 1618 1743 et
1638 1706 1781 1743 totum

235 1760 440 1816 Regnum
497 1761 743 1817 occupabat,
805 1761 925 1803 videt
976 1760 1162 1802 Gentem
1228 1759 1496 1802 Catholicam
1545 1760 1630 1802 Stste
1677 1759 1779 1801 Sedi

233 1819 510 1875 Apostolicae
530 1819 852 1861 devotissimam
871 1818 1071 1860 funditus
1092 1818 1242 1869 everti,
1264 1818 1356 1861 Nos
1376 1818 1561 1874 denique
1582 1818 1702 1860 videt
1721 1817 1778 1859 ad

235 1891 374 1918 sacros
409 1877 504 1933 ejus
550 1877 679 1934 pedes
721 1877 982 1933 provolutos,
1028 1876 1125 1933 ejus
1170 1892 1294 1933 opem
1343 1891 1567 1931 nunquam
1612 1876 1778 1917 frustra

234 1939 446 1989 speratam
485 1935 532 1977 in
564 1935 690 1977 rebus
721 1934 1012 1977 afflictissimis
1056 1933 1347 2000 implorantes.
1411 1934 1537 1981 Quod
1576 1939 1722 1975 autem
1753 1948 1781 1975 a

234 1992 292 2034 Ste
320 1993 396 2034 Vra
416 1993 575 2035 infimis
594 1993 791 2059 precibus
810 1993 998 2060 petimus
1017 1998 1067 2034 ut
1096 1992 1387 2048 praesentium
1415 1992 1628 2034 malorum
1658 1991 1777 2033 leva-

233 2066 346 2099 men,
370 2055 413 2093 et
433 2051 634 2093 adversus
654 2051 862 2093 instantia
881 2051 1156 2106 praesidium,
1179 2055 1244 2092 est
1258 2066 1329 2092 :—

323 2109 380 2150 1⁰.
413 2109 477 2151 Ut
490 2110 544 2151 ad
556 2109 814 2165 placandum
826 2109 968 2151 Deum
981 2109 1207 2151 hominum
1220 2108 1405 2164 peccatis
1418 2107 1590 2157 iratum,
1605 2108 1779 2150 eosdem

235 2182 429 2209 concesso
465 2167 608 2222 aliquo
644 2167 843 2209 Jubilaeo
876 2167 931 2209 ad
968 2167 1190 2208 meliorem
1222 2167 1358 2208 vitam
1390 2166 1560 2216 invitet,
1595 2171 1638 2208 et
1674 2181 1777 2207 vero

234 2225 428 2279 publicae
448 2225 664 2267 Ecclesiae
680 2225 944 2267 calamitates
960 2225 1006 2266 id
1022 2224 1258 2281 efflagitare
1274 2224 1489 2275 videntur,
1509 2228 1636 2273 certe,
1654 2223 1774 2274 alias,

234 2282 363 2339 longe
393 2283 580 2325 minores
612 2283 665 2325 ob
698 2298 845 2325 causas
876 2283 931 2325 ad
976 2282 1292 2325 misericordiae
1331 2282 1518 2324 Divinae
1553 2282 1778 2324 Thronum

235 2355 454 2382 recursum
474 2341 573 2383 fuit.

320 2400 381 2441 20.
415 2398 479 2441 Ut
499 2399 575 2440 Stas
606 2399 683 2441 Vra
704 2398 974 2441 Christianae
994 2397 1258 2455 Republicae
1288 2397 1553 2439 calamitates
1588 2413 1642 2439 ex
1677 2397 1774 2438 diu-

233 2461 361 2498 turno
400 2457 481 2498 hoc
520 2456 632 2498 bello
684 2462 819 2523 ortas,
852 2457 1040 2499 Paterno
1095 2456 1255 2498 affectu
1304 2455 1518 2506 miserata,
1567 2455 1776 2510 dignetur

236 2513 478 2556 Catholicos
524 2515 638 2556 inter
681 2515 898 2571 principes
941 2530 1092 2581 pacem
1131 2513 1373 2577 conciliare,
1410 2528 1496 2568 qua
1529 2513 1654 2564 nihil,
1691 2513 1775 2554 hoc

233 2577 436 2628 tempore,
458 2576 600 2627 potest
620 2587 709 2614 esse
729 2573 1023 2629 opportunius,
1046 2571 1159 2613 nihil
1187 2571 1326 2637 magis
1355 2571 1655 2621 necessarium,
1679 2575 1774 2611 tum

233 2629 286 2670 ad
306 2629 572 2672 resarcienda
592 2645 721 2685 quam
744 2630 931 2685 plurima
951 2645 1084 2686 eaque
1106 2629 1359 2695 gravissima
1379 2629 1535 2670 damna
1555 2628 1776 2671 occasione

236 2686 368 2743 hujus
403 2687 589 2729 foederis
621 2703 719 2729 cum
753 2688 997 2730 Haereticis
1031 2687 1133 2729 initi
1180 2686 1426 2729 Catholicae
1472 2686 1690 2729 Ecclesiae
1724 2687 1773 2727 in

233 2744 382 2786 multis
400 2745 599 2801 Europae
618 2745 826 2801 partibus,
848 2746 1036 2787 maxime
1055 2745 1103 2786 in
1132 2744 1304 2811 nostris,
1324 2743 1417 2801 jam
1445 2743 1579 2794 illata,
1602 2749 1698 2785 tum
1716 2744 1773 2784 ad

232 2803 461 2844 avertenda
481 2802 565 2845 alia
584 2802 714 2858 longe
750 2804 961 2859 graviora,
983 2803 1153 2845 eidem
1141 2818 1187 2844 111
1222 2806 1442 2858 posterum
1475 2807 1591 2844 certo
1612 2801 1773 2843 certius

230 2858 466 2911 inferenda,
502 2860 762 2916 ubicumque
805 2861 1135 2903 Haereticorum
1182 2859 1415 2902 invaluerit
1459 2863 1660 2916 potestas,
1690 2859 1772 2900 hos
