1887 3188
231 84 319 126 124
759 97 939 125 mocEsE
969 96 1024 125 oF
1054 96 1257 125 ARDAGH.

232 199 469 241 Pastoralis
504 199 697 241 Muneris
724 198 1023 254 Apostolicum
1056 197 1217 240 Zelum.
1290 197 1362 240 Ab
1394 196 1600 240 extremis
1634 196 1789 239 Terrae

232 257 418 299 Finibus
448 257 503 298 ad
532 257 789 299 audiendam
809 257 1048 299 Salomonis
1069 255 1333 312 Sapientiam
1354 270 1587 312 properans
1606 254 1789 310 Regina⁴

231 316 402 365 Austri,
445 314 633 370 visisque
672 314 1019 357 Ministrantium
1052 314 1288 356 Ordinibus
1321 313 1370 355 in
1397 312 1627 369 Stuporem
1657 327 1784 354 versa

231 372 367 429 Regij
391 372 646 414 Famulatfis
667 372 923 415 Charactere
943 372 1180 423 distinctos,
1203 387 1252 414 ac
1280 370 1526 413 Assistricis
1546 370 1790 425 Sapientiae

233 431 351 473 Solio
385 431 651 472 Assistentes
682 430 956 472 beatificavit.
1019 429 1198 472 Celsiori
1240 429 1401 471 Gloriae
1436 428 1648 471 subsellio
1678 428 1779 469 sub-

233 488 389 530 limare
421 489 643 530 consuevit
658 489 712 530 ad
733 488 865 530 Fines
894 503 1030 543 usque
1064 487 1192 529 Orbis
1219 487 1449 529 Terrarum
1476 486 1620 528 difusa
1650 484 1791 528 Orbis.

235 546 475 588 Christiani
495 545 679 602 Regina,
701 545 907 597 Ecclesia,
930 545 1102 587 Fideles
1121 545 1275 587 Divini
1295 543 1535 586 Salomonis
1555 543 1776 594 Famu10s‚

235 604 435 660 gloriosis
455 604 718 645 Meditorum
744 619 916 646 suorum
938 603 1145 658 Obequiis
1166 603 1248 645 sibi
1268 602 1491 644 individue
1514 601 1778 651 assistentes,

234 677 344 717 quos
370 662 615 703 admirabili
635 662 915 704 Providentia
930 661 1111 702 diversis
1131 661 1356 702 distinctos
1376 659 1606 710 Gir-adibus,
1628 658 1786 701 multi-v

235 719 507 776 plicibusque
547 719 797 761 Gratiarum
845 718 1143 761 Divisionibus
1183 719 1207 760 a
1253 718 1418 774 Sponso
1446 733 1521 759 suo
1544 717 1778 772 dispositis,

237 779 285 819 in
326 793 371 820 se
410 777 629 832 hucusque
660 792 909 832 perennare,
950 776 1050 818 laeta
1088 777 1286 826 miratur,
1328 776 1433 817 dum
1466 776 1571 817 alios
1606 774 1789 830 quidem*

236 835 484 891 Apostolos,
513 835 618 877 alios
651 835 903 891 Prophetas,
941 834 1047 876 alios
1073 834 1292 875 Fidelium
1330 833 1524 889 Gregum
1566 833 1778 883 Pastores,

236 908 324 935 uno
374 893 607 948 eodemque
670 892 837 949 Spiritu
887 892 1012 934 Sacto
1061 899 1279 948 operante,
1332 891 1532 934 fae-zunda
1592 891 1781 940 Meritis,

237 955 433 992 materno
465 951 715 992 Gratiarum
745 950 1045 1006 complectitur
1085 950 1204 998 Sinu,
1239 949 1315 1004 qui
1348 949 1469 991 velut
1500 948 1574 991 Sal
1603 948 1785 990 Terram

237 1009 455 1058 condiant,
477 1015 527 1050 ut
562 1008 720 1049 Mundi
754 1008 942 1049 Lumina
973 1008 1195 1049 Doctrinis
1228 1007 1462 1057 illustrent,
1500 1013 1550 1048 ut
1574 1006 1786 1048 Civitates

234 1066 284 1107 in
323 1066 475 1108 Monte
512 1066 663 1122 positae
701 1066 880 1107 Plebem
917 1066 1000 1107 sibi
1039 1065 1064 1107 a
1099 1064 1194 1107 Deo
1229 1065 1488 1107 destinatam
1520 1064 1792 1114 Virtutibus,

236 1129 480 1179 sanctaeque
509 1124 856 1165 Conversationis
887 1123 1114 1179 Exemplis
1149 1123 1488 1173 circumvallent,
1523 1137 1571 1163 ac
1607 1122 1780 1164 tandem

235 1182 390 1223 aeterni
434 1181 626 1223 Pastoris
659 1181 886 1223 Gressibus
926 1181 1185 1232 insistentes,
1208 1181 1377 1222 assidua
1409 1181 1708 1222 Sollicitudine
1729 1181 1785 1222 ad

233 1238 441 1281 salutaria
466 1239 660 1295 dirigant
693 1239 859 1282 Pascua
898 1239 1070 1289 Salutis,
1113 1239 1168 1280 ad
1207 1239 1362 1280 horum
1396 1238 1565 1280 illustre
1603 1238 1787 1280 Consor-

237 1298 361 1349 tium,
384 1298 485 1340 eum
505 1302 561 1348 te,
583 1298 806 1353 perpensis
826 1297 1043 1354 praeclaris
1055 1297 1222 1339 meritis
1243 1297 1342 1339 tuis.

325 1412 716 1456 BENEDIOTUS
760 1412 897 1455 XIII.
935 1412 1082 1469 (quem
1114 1428 1313 1469 suprema
1352 1412 1512 1455 divinae
1552 1411 1796 1468 Sapientiae<

240 1471 522 1513 Providentia
557 1471 610 1512 de
651 1471 795 1527 Grege
834 1471 1120 1513 Dominicano
1152 1471 1207 1513 ad
1247 1486 1461 1513 summum
1502 1470 1788 1527 Apostolatsss

238 1528 437 1584 Apicem,
483 1528 788 1584 Vicariamque
845 1529 911 1571 sui
961 1529 1009 1571 in
1058 1529 1203 1571 Terris
1258 1529 1351 1584 Maj
1358 1533 1538 1570 estatem
1594 1527 1787 1570 exaltare

243 1588 426 1642 dignata
454 1586 558 1643 fuit)
597 1592 641 1628 te
671 1602 883 1628 assumere
913 1587 1124 1638 intendat,
1146 1592 1280 1643 tuque
1300 1603 1377 1643 pro
1405 1586 1680 1628 Humilitatis
1699 1592 1797 1627 tuae

241 1643 388 1695 Parte,
409 1644 542 1695 Onus,
560 1643 786 1701 Angelicis
808 1645 938 1687 etiam
958 1645 1165 1687 Humeris
1185 1645 1471 1695 formidabile,
1490 1660 1538 1686 ac
1560 1644 1788 1685 reddendae

241 1702 347 1744 olim
376 1717 456 1758 pro
493 1702 636 1759 Grege
675 1703 897 1745 commisso
932 1703 1112 1745 Rationi
1161 1703 1407 1753 obnoxium,
1454 1702 1689 1758 refugiens,
1732 1702 1788 1743 ad

240 1766 445 1811 nostram,
460 1775 590 1815 quam
610 1760 826 1816 professus
847 1776 903 1812 es,
926 1761 1213 1803 obedientiam
1225 1776 1429 1812 recurras,
1444 1761 1514 1802 vel
1533 1761 1613 1802 hac
1635 1759 1791 1801 saltem

241 1819 420 1869 ratione,
461 1834 516 1859 ne
549 1819 791 1860 communia
826 1819 989 1860 ordinis
1023 1819 1161 1861 nostri
1197 1819 1415 1875 Suffragia
1450 1818 1635 1868 amittas,
1678 1818 1790 1873 quin

244 1877 377 1917 etiam
416 1875 470 1930 (si
503 1876 767 1932 Apostolicae
806 1877 1036 1919 Voluntati
1075 1877 1331 1933 parendum)
1381 1877 1435 1918 ad
1469 1876 1516 1917 id
1556 1876 1784 1932 sapienter,

241 1934 502 1990 fortiterque
540 1934 780 1985 ferendum,
811 1950 890 1990 per
918 1935 995 1976 illa
1024 1935 1224 1991 adjuvis3
1270 1935 1362 1977 Nos
1393 1934 1531 1990 igitur
1562 1933 1789 1990 praeclaras

243 1992 398 2033 Animi
458 1991 523 2033 tui
547 1991 694 2042 Dotes,
738 1993 1002 2048 singularem
1042 1993 1339 2043 Prudentiam,
1373 1992 1594 2034 Doctrinae
1629 1990 1787 2033 Excel-

243 2050 437 2100 lentiam,
460 2049 678 2091 illibatum
707 2050 940 2106 Religiosae
971 2051 1099 2100 Vitae,
1125 2051 1385 2106 Morumque
1413 2050 1664 2099 Candorem,
1687 2064 1782 2105 pro-

244 2107 591 2162 probatissimam
625 2109 804 2163 regendi
825 2108 1154 2159 Dexteritatem,
1188 2109 1410 2150 ardentem
1429 2108 1594 2149 Domus
1616 2106 1701 2148 Dei
1740 2122 1799 2149 ae·-

243 2166 505 2206 Animarmn
550 2166 709 2216 Zelum,
763 2172 1022 2222 caeterasque
1072 2166 1274 2216 Praesule,
1319 2181 1367 2208 ac
1424 2165 1583 2207 Ovium
1624 2164 1789 2206 Christi

244 2222 424 2264 Pastore
455 2223 609 2279 dignas
625 2223 877 2274 QualitateS,
890 2225 972 2266 tibi
993 2225 1046 2266 ab
1066 2231 1226 2266 aeterno
1246 2224 1437 2274 Pastore,
1460 2224 1515 2264 ad
1530 2223 1609 2264 hoc
1623 2222 1788 2263 Munus

243 2284 289 2322 te
338 2281 540 2336 eligente,
586 2282 774 2332 collatas,
825 2282 1154 2332 considerantes,
1206 2283 1487 2337 quam-quam
1530 2280 1788 2322 renitentem

243 2338 457 2379 Animum
477 2345 601 2380 tuum
630 2355 718 2381 non
747 2340 832 2381 nisi
862 2340 1037 2382 laudare
1068 2340 1296 2381 debeamus
1326 2344 1472 2380 tamen
1491 2338 1588 2388 Dei,
1611 2338 1792 2393 ejusque

245 2396 398 2452 vicarij
423 2411 585 2447 vocem,
609 2399 633 2438 a
653 2404 695 2438 te
711 2413 798 2439 non
811 2398 936 2439 modo
953 2398 1208 2439 audiendam
1231 2412 1383 2439 verum
1424 2401 1466 2438 et
1505 2396 1792 2451 frequentiam

246 2469 336 2494 esse
369 2454 578 2496 ducimus.
667 2455 858 2510 Ideoque
890 2456 972 2497 tibi
1016 2455 1272 2505 Licentiam,
1303 2459 1347 2496 et
1373 2454 1411 2496 F
1413 2453 1647 2495 acultatem
1689 2468 1796 2495 oon-

244 2512 436 2553 cedimus
479 2512 706 2567 (quantum
754 2513 802 2554 in
851 2513 988 2556 Nobis
1038 2517 1136 2564 est).
1187 2512 1496 2568 Episcopatum
1517 2511 1789 2567 suscipiendi,

246 2584 426 2624 eamque
460 2569 625 2611 Tenore
659 2571 937 2626 praesentium
975 2571 1083 2612 bene
1119 2570 1198 2612 tibi
1238 2574 1463 2626 precantes
1502 2569 1788 2625 impertimur,

247 2627 301 2667 de
357 2627 687 2683 Suffragiorum,
737 2628 1008 2678 Meritorum,
1067 2633 1197 2683 atque
1246 2627 1563 2670 Beneficiorum
1614 2626 1796 2669 Ordinis

246 2684 385 2725 nostri
419 2699 507 2726 non
551 2685 678 2726 modo
722 2685 857 2727 illaesa
896 2686 933 2727 F
936 2685 1135 2736 ruitione,
1158 2686 1289 2727 immo
1329 2690 1373 2727 et
1414 2684 1611 2741 ampliori
1643 2699 1798 2726 eorum

250 2741 433 2783 Cumulo
456 2741 508 2797 (si
534 2742 759 2798 prossibile
791 2743 872 2799 est)
908 2744 992 2786 tibi
1027 2743 1364 2800 superaddendo,
1396 2747 1440 2784 te
1472 2742 1599 2799 pleno
1630 2741 1793 2785 certifi-

246 2813 407 2849 camus,
430 2805 474 2841 et
493 2814 785 2842 assecuramus
816 2800 925 2857 (1)..)
