1887 3188
624 110 718 137 AND
748 110 1095 139 cLoNMAoN01sE.
1552 98 1635 142 141

83 212 293 254 librarum
333 212 637 269 Anglicarum)
691 217 735 254 et
775 213 940 254 variam
980 218 1110 268 atque
1164 213 1353 268 amplam
1408 213 1632 265 frumenti,

86 275 399 313 tormentorum
433 270 696 321 bellicorum,
734 270 926 326 pulveris
957 270 1123 320 nitrati,
1157 270 1360 321 formitis,
1394 272 1639 328 reliquique

87 333 348 370 commeatus
382 327 528 370 bellici
562 332 606 369 et
641 343 787 369 rerum
822 327 1016 369 omnium
1051 328 1106 369 ad
1137 328 1301 370 bellum
1333 331 1635 386 spectantium,

89 386 331 442 pluralibus
351 385 397 427 in
417 385 522 427 locis
557 400 606 427 ac
637 386 864 442 praesidiis
896 387 1063 442 copiam
1099 390 1142 427 et
1178 401 1419 430 numerum.
1482 388 1638 431 Postea

89 449 236 486 tamen
256 444 371 485 idem
391 444 558 485 Prorex
579 459 653 499 spe
666 448 709 485 et
730 444 1040 500 expectatione,
1058 458 1188 499 quam
1204 444 1257 486 de
1277 445 1396 487 illius
1415 446 1640 497 fidelitate,

91 502 379 558 generositate
419 506 462 544 et
502 501 690 557 egregiis
730 502 785 543 ad
832 502 1071 558 regendum
1107 502 1279 544 dotibus
1318 519 1504 559 regnum
1539 521 1640 547 con-

90 564 261 616 ceperat
281 575 428 601 omnes
447 558 621 610 fefellit,
644 564 688 601 et
720 560 877 601 author
898 560 1040 601 factus
1061 564 1125 601 est
1146 560 1355 616 perdendi
1374 577 1485 618 pene
1506 564 1640 605 totius

91 618 218 674 regni
254 618 358 668 Deo,
396 617 523 674 Regi,
559 622 602 659 et
633 617 811 659 incolis:
843 617 913 660 cui
956 618 1019 659 rei
1053 617 1230 660 initium
1263 619 1383 661 dedit
1414 635 1563 676 pacem
1594 621 1642 663 in

90 676 241 718 multis
280 675 477 732 partibus
516 675 730 727 violando,
772 675 840 718 uti
874 675 988 718 clare
1023 676 1309 718 demonstrari
1349 682 1393 719 et
1428 679 1510 720 toti
1549 680 1641 722 orbi

93 733 267 791 probari
286 738 441 790 potest.

179 791 403 847 Imprimis
443 795 671 848 postquam
718 791 931 834 Catholici
974 791 1373 835 subministrassent
1409 809 1509 836 suae
1553 795 1643 837 Ex-

94 850 319 893 cellentiae
331 850 596 906 praedictam
618 850 824 906 pecuniae
837 850 926 891 vim
947 865 1057 906 quae
1078 850 1291 893 sufficeret
1319 852 1373 893 ad
1403 854 1645 908 cogendum

95 914 138 950 et
160 908 488 950 sustentandum
524 908 797 950 Catholicum
832 910 1071 950 exercitum
1096 908 1189 964 (qui
1224 924 1279 951 ex
1315 910 1509 953 articulis
1528 913 1646 968 pacis

95 971 290 1009 constare
331 966 481 1008 debuit
533 966 782 1022 quindecim
832 966 1026 1008 millibus
1077 967 1275 1023 peditum
1322 973 1365 1009 et
1411 969 1479 1010 bis
1524 970 1649 1012 mille·

98 1023 436 1081 quingentisque
491 1025 723 1080 equitibus,
775 1028 819 1066 et
873 1024 1101 1066 institutus
1140 1025 1228 1067 fuit
1267 1041 1345 1082 pro
1400 1026 1647 1070 Catholicae

97 1082 353 1138 ReligioniS,
390 1082 715 1138 Regiorumque
735 1082 901 1139 jurium
935 1088 978 1124 et
1012 1083 1253 1125 incolarum
1288 1086 1644 1142 conservatione).

97 1141 184 1184 Sua
204 1140 477 1183 Excellentia
508 1140 624 1182 ultra
656 1146 699 1182 et
734 1146 905 1197 praeter
936 1141 1057 1182 illam
1089 1141 1305 1184 exercitus
1336 1147 1507 1198 partem
1538 1159 1647 1199 quae

99 1200 178 1241 sub
199 1203 292 1241 erat
326 1198 507 1255 imperio
542 1198 728 1240 Baronis
757 1199 1015 1255 Insequinii,
1048 1199 1234 1241 contulit
1263 1200 1311 1242 in
1340 1201 1652 1252 Protestantes,

100 1256 436 1299 Collonellorum
474 1261 518 1299 et
560 1257 743 1298 aliorum
785 1257 833 1299 in
880 1257 1074 1299 exercitu
1117 1257 1411 1313 imperiorum,
1452 1265 1650 1315 patentes

99 1315 280 1366 litteras,
316 1319 359 1357 et
394 1314 520 1371 regni
560 1315 847 1357 substantiam
887 1330 935 1357 ac
976 1331 1077 1371 opes
1124 1316 1280 1357 effudit
1329 1316 1376 1359 in
1426 1317 1524 1360 illos
1574 1320 1649 1374 qui

99 1374 297 1429 plerique
317 1378 466 1429 postea
486 1372 555 1415 vel
589 1388 668 1415 nos
697 1373 981 1429 perdiderunt
1012 1373 1082 1416 vel
1111 1374 1412 1430 prodiderunt,
1434 1376 1504 1419 vel
1535 1385 1650 1419 certe

101 1432 289 1488 turpiter
309 1446 334 1472 a
353 1431 478 1472 nobis
498 1430 762 1473 defecerunt.

190 1490 245 1531 20
279 1489 512 1539 Praesidia,
536 1504 653 1531 arces
669 1494 713 1531 et
732 1489 930 1531 civitates
946 1494 989 1530 et
1002 1489 1246 1532 Momoniae
1258 1491 1469 1533 maritimi
1487 1497 1654 1549 portus,

103 1548 312 1590 nimirum
333 1547 542 1603 Corcagia
564 1547 835 1604 Yeoghellia,
858 1547 1069 1598 Kinsalia,
1093 1548 1183 1599 &c.,
1217 1548 1397 1591 fuerunt
1417 1551 1656 1602 commissa,

106 1611 149 1649 et
181 1606 341 1647 tradita
375 1605 482 1647 viris
514 1605 692 1661 perfidis
723 1610 766 1647 et
797 1605 886 1647 illis
918 1607 971 1647 de
1006 1606 1200 1648 exercitu
1234 1606 1480 1663 Insequinii
1499 1610 1656 1665 quibus

106 1664 285 1706 minime
305 1664 527 1705 fidendum
548 1668 669 1715 esset,
691 1668 842 1720 utpote
863 1664 940 1720 qui
970 1663 1046 1705 illa
1080 1664 1173 1706 loca
1207 1665 1324 1707 hosti
1342 1667 1626 1722 prodiderunt
1645 1685 1654 1710 :

107 1723 223 1764 unde
243 1722 384 1778 Regia
402 1726 591 1778 potestas
623 1727 667 1764 et
697 1722 770 1779 jus
803 1726 894 1764 toto
929 1737 1064 1778 regno
1095 1723 1143 1764 in
1179 1738 1396 1766 summum
1426 1725 1657 1768 discrimen

110 1781 345 1822 adductum
395 1784 471 1822 est.
540 1779 640 1822 Hoc
691 1780 853 1822 scilicet
896 1780 1166 1836 praeclarum
1205 1782 1458 1838 obsequium
1493 1783 1660 1840 Regiae

110 1838 336 1895 Majestati
385 1837 696 1894 praestiterunt
749 1839 828 1889 illi,
880 1844 1108 1895 postquam
1158 1854 1259 1895 opes
1295 1845 1338 1882 et
1374 1842 1659 1884 substantiam

113 1896 382 1939 subditorum
404 1896 725 1938 Catholicorum
745 1897 793 1938 in
813 1897 1035 1938 Momonia
1061 1897 1235 1939 omnino
1252 1898 1589 1956 absumpsissent
1617 1907 1660 1943 et

114 1970 257 1998 secum
278 1954 568 1996 abstulissent.
618 1954 680 1996 Et
701 1955 772 1997 hic
792 1955 1030 1997 notandum
1052 1960 1117 1996 est
1136 1956 1302 1998 Excell.
1347 1957 1402 1998 D.
1425 1958 1661 2014 Proregem

114 2014 162 2055 in
210 2013 328 2069 pacis
377 2012 648 2055 conclusione
697 2013 885 2055 noluisse
935 2013 1134 2055 fidelibus
1184 2013 1418 2057 Catholicis
1479 2017 1662 2059 subditis

116 2071 361 2127 Corcagiae.
423 2070 703 2127 Yeogheliae,
724 2071 960 2122 Kinsaliae,
990 2071 1259 2127 aliorumque
1284 2072 1475 2115 locorum
1496 2075 1662 2117 civibus

116 2144 164 2171 ac
184 2129 336 2171 incolis
355 2128 497 2171 facere
519 2129 634 2171 viam
647 2134 690 2171 et
710 2129 964 2171 facultatem
984 2130 1193 2171 redeundi
1227 2130 1283 2172 ad
1303 2146 1400 2173 suas
1420 2132 1664 2176 mansiones

118 2193 161 2230 et
182 2187 410 2229 domicilia.

206 2246 260 2287 30
294 2245 507 2287 Catholici
547 2245 676 2287 duces
714 2245 844 2302 juxta
878 2244 995 2301 pacis
1037 2245 1240 2288 articulos
1278 2261 1304 2288 a
1351 2246 1664 2293 Commissariis

119 2303 277 2360 quibus
298 2303 602 2345 Confoederati
624 2303 837 2346 Catholici
856 2304 975 2359 pacis
1010 2304 1285 2359 exequendae
1304 2304 1435 2347 fidem
1455 2312 1498 2349 et
1518 2323 1665 2351 curam

119 2362 403 2412 crediderant,
444 2362 707 2418 praesentati
747 2367 790 2404 et
827 2362 1114 2403 commendati
1149 2367 1192 2403 et
1234 2362 1315 2404 hac
1347 2364 1400 2405 de
1432 2380 1558 2408 causa
1589 2382 1668 2423 per

122 2421 233 2463 Suae
268 2419 565 2466 Excellentiae
596 2420 850 2462 mandatum
880 2420 928 2461 in
968 2420 1162 2462 exercitu
1200 2420 1432 2476 imperium
1467 2429 1666 2479 gerentes

80 2506 84 2511 -
124 2478 212 2526 (uti
234 2477 479 2520 Colonellus
513 2478 730 2520 Patricius
764 2478 950 2528 Purcell,
985 2478 1061 2533 qui
1095 2478 1143 2519 in
1178 2479 1371 2521 exercitu
1402 2479 1489 2523 fuit
1520 2482 1668 2540 Major

126 2535 363 2587 Generalis,
386 2540 430 2578 et
457 2535 701 2580 Colonellus
735 2536 893 2578 Petrus
929 2535 1192 2591 Fitzgerald,
1229 2537 1335 2579 alias
1366 2538 1666 2583 MacThomas.

126 2594 203 2649 qui
217 2594 412 2650 equitum
432 2594 762 2647 commissarius)
803 2593 984 2636 fuerunt
1017 2598 1229 2650 potestate
1261 2599 1305 2637 et
1335 2595 1517 2653 imperio
1538 2600 1669 2642 amoti

127 2653 218 2694 sine
239 2667 447 2695 consensu
466 2652 866 2703 commissariorum,
895 2652 1015 2693 nulla
1035 2652 1136 2693 data
1155 2668 1233 2708 per
1252 2653 1367 2709 ipsos
1387 2670 1525 2706 causa,
1547 2658 1669 2699 nulla

127 2723 275 2754 eorum
315 2710 467 2766 culpa:
514 2715 559 2752 et
598 2710 692 2753 loca
736 2710 824 2761 illa,
880 2710 1088 2752 nimirum
1136 2710 1322 2767 Majoris
1361 2712 1586 2757 Generalis
1624 2716 1671 2759 in

127 2767 355 2810 Danielem
383 2767 628 2818 O’Nellum,
658 2769 923 2825 armigerum
946 2768 1268 2811 Protestantem
1303 2774 1347 2812 et
1379 2770 1672 2816 Commissarii

129 2826 325 2882 equitum
364 2826 411 2868 in
452 2826 737 2869 Guillelmum
775 2827 977 2882 Vaghan,
1015 2826 1205 2882 equitem
1234 2834 1432 2870 auratum
1473 2829 1672 2875 similiter

128 2884 449 2928 Protestantem
487 2884 643 2927 collata
677 2889 792 2936 sunt,
826 2884 962 2927 occiso
993 2899 1095 2927 vero
1132 2885 1247 2928 dicto
1288 2886 1523 2931 &uillelmo
1557 2889 1672 2934 idem
