1887 3188
692 130 785 158 AND
806 129 1153 160 CLONMACNOISE.
1578 113 1660 156 147

195 231 329 288 Hugo
348 230 691 273 Ardmachanus.

193 290 385 332 Joannes
404 289 764 346 Archiepiscopus
785 289 1048 332 Tuamensis.

193 348 224 390 J
226 363 384 390 oannes
403 347 673 403 Rapotensis.

194 405 419 462 Eugenius
438 405 737 447 Kilmorensis.

193 463 451 505 Franciscus
470 462 712 505 Aladensis.

191 521 397 565 Nicolaus
418 520 651 563 Fer-nensis
671 525 715 563 et
734 524 985 577 procurator
1004 520 1313 564 Dubliniensis.

191 580 266 622 Fr.
288 578 508 621 Antonius
530 578 953 621 Clonmacnosiensis.

190 637 415 680 Walterus
437 636 749 680 Clonfertensis
769 642 813 680 et
832 640 1084 694 procurator
1103 636 1421 693 Leghlinensis.

191 696 390 746 «Iacobus,
412 694 562 737 Abbas
577 695 631 738 de
651 695 813 751 Conga,
828 699 873 737 et
894 694 1220 738 Commissarius
1241 695 1455 752 generalis
1471 694 1656 738 Canoni-

276 769 423 796 corum
443 753 728 810 Regularium
749 753 791 796 S.
813 752 1068 809 Augustini.

190 812 265 855 Fr.
304 811 564 854 Guillelmus
604 811 657 854 de
696 812 859 868 Burgo,
896 811 1173 868 provincialis
1212 811 1456 854 Hiberniae
1496 810 1659 854 ordinis

276 869 639 912 Praedicatorum.

188 928 263 971 Fr.
286 927 471 970 Thomas
491 927 670 979 Kieran,
692 926 842 970 Abbas
862 927 915 970 de
934 927 1120 970 Buellio.

188 986 262 1028 Fr.
285 985 535 1027 Bernardus
554 986 696 1042 Egan,
717 990 968 1043 procurator
984 985 1037 1029 R.
1057 986 1287 1028 admodum
1307 986 1358 1029 P.
1374 984 1660 1029 Provincialis

275 1044 463 1086 fratrum
484 1044 718 1086 Minorum.

190 1102 366 1146 Carolus
387 1101 534 1158 Kelly,
557 1102 599 1145 S.
623 1102 670 1144 T.
693 1102 749 1145 D.
773 1105 817 1144 et
835 1101 1036 1145 Decanus
1055 1100 1320 1146 Tuamensis.

189 1161 228 1203 F
230 1177 263 1204 r.
300 1160 545 1202 Richardus
581 1160 781 1217 O'Ke11y‚
810 1165 1063 1217 procurator
1097 1160 1262 1203 Vicarii
1298 1160 1523 1204 Generalis
1558 1161 1657 1205 Kil-

316 1218 536 1269 (lariensis,
555 1222 598 1260 et
617 1219 736 1275 prior
751 1217 1092 1260 Rathbranensis
1112 1218 1275 1261 ordinis
1291 1219 1654 1263 Praedicatorum.

187 1272 218 1315 J
220 1289 378 1318 oannes
404 1276 635 1328 Doulaeus,
663 1276 702 1318 I.
729 1276 785 1319 U.
819 1276 874 1319 D.
908 1275 1057 1318 Abbas
1092 1276 1145 1317 de
1180 1276 1450 1335 Kilmanagh
1477 1283 1521 1320 et
1545 1294 1660 1321 unus

277 1349 332 1376 ex
351 1335 700 1390 procuratoribus
720 1333 911 1391 Capituli
930 1338 974 1376 et
995 1334 1111 1376 Cleri
1130 1333 1396 1378 Tuamensis.

187 1389 412 1434 Walterus
440 1393 572 1445 Enos,
594 1393 636 1435 S.
659 1393 707 1435 T.
729 1393 784 1435 D.
807 1392 1125 1449 protonotarius
1154 1392 1443 1449 Apostolicus,
1465 1394 1654 1437 Thesau-

275 1450 415 1493 rarius
463 1451 709 1501 Fernensis,
760 1455 804 1492 et
851 1456 1104 1508 procurator
1153 1451 1396 1509 Praepositi
1441 1452 1661 1497 Ecclesiae

278 1508 543 1565 Collegiatae
565 1509 822 1551 Gralviensis.

186 1564 411 1611 Thadaeus
431 1567 572 1623 Egan‚
596 1567 639 1610 S.
663 1567 712 1609 T.
734 1567 789 1609 D.
812 1567 1091 1624 Praepositus
1112 1566 1377 1610 Tuamensis.

184 1623 325 1667 Lucas
353 1625 579 1677 Plunkett,
602 1625 644 1668 S.
669 1625 715 1667 T.
739 1625 794 1667 D.
826 1625 1155 1668 Protonotarius
1185 1625 1475 1682 Apostolicus,
1497 1626 1659 1669 Rector

275 1682 460 1740 Collegii
504 1684 558 1726 de
607 1683 797 1734 KiUeen,
847 1684 1078 1726 Exercitus
1127 1684 1347 1741 Lageniae
1399 1685 1659 1742 Capellanus

275 1756 431 1798 major.

184 1857 245 1899 Et
271 1873 349 1900 nos
377 1857 495 1899 infra
518 1857 733 1900 nominati
760 1858 957 1901 sedentes
988 1857 1182 1911 Gralviae,
1215 1874 1314 1901 cum
1346 1858 1659 1902 Commissariis

99 1915 407 1958 authoritatem
434 1916 693 1958 habentibus
719 1931 745 1957 a
775 1916 1299 1973 Congregatione‘habita
1330 1917 1446 1974 apud
1476 1917 1506 1959 J
1507 1919 1655 1960 acobo-

99 1973 235 2030 polim
257 1974 302 2015 6Ο
324 1975 393 2016 die
413 1974 651 2030 praesentis
682 1973 889 2031 Augusti,
913 1975 1204 2017 consentimus
1235 1974 1283 2017 in
1311 1975 1491 2018 eandem
1517 1975 1656 2018 decla-

97 2031 308 2074 rationem
358 2048 457 2075 cum
507 2032 764 2089 supradictis
802 2033 1164 2089 Archiepiscopis‚
1198 2033 1435 2090 Episcopis,
1479 2038 1522 2076 et
1561 2034 1658 2076 aliis

97 2089 311 2132 Praelatis
332 2095 375 2133 et
395 2090 669 2147 Dignitariis‚
694 2095 738 2132 et
759 2091 938 2133 eandem
959 2106 1049 2133 esse
1070 2096 1216 2133 actum
1235 2096 1433 2134 nostrum
1452 2091 1655 2134 manifes-

97 2151 239 2190 tamus
273 2152 317 2192 et
356 2164 563 2191 manuum
601 2153 848 2191 nostrarum
888 2149 1202 2205 subscriptione
1243 2149 1547 2192 confirmamus
1587 2150 1658 2192 die

98 2206 176 2248 23¹²
203 2205 410 2264 Augusti,
434 2207 560 2250 1650.

186 2323 372 2366 Thomas
394 2322 676 2365 Cassiliensis.

186 2381 216 2423 J
218 2397 376 2424 oannes
396 2382 644 2433 Laonensis,
662 2380 913 2438 Episcopus.

184 2440 442 2481 Edmundus
462 2440 779 2498 Limericensis.

186 2497 260 2540 Fr.
284 2498 511 2540 Terentius
531 2497 823 2541 Imolacensis.

185 2556 402 2599 Robertus
424 2556 720 2611 Corcagiensis
741 2560 784 2598 et
806 2554 1071 2598 Cluanensis.
1285 2607 1291 2613 ο

183 2614 213 2656 J
215 2615 370 2657 acobus
390 2614 558 2665 Pallon,
582 2614 782 2657 Vicarius
802 2613 1079 2670 Apostolicus
1099 2612 1380 2656 Achadensis.

182 2672 338 2715 Postea
373 2688 498 2714 suum
537 2688 695 2720 nomen
735 2672 910 2730 adjecit,
945 2671 1163 2714 Oliverius
1199 2671 1418 2724 Dissaeus,
1456 2673 1658 2716 Vicarius

271 2730 496 2772 Generalis
516 2731 739 2773 Midensis.
