1887 3188
238 122 324 166 114
753 127 936 156 DIOGESE
966 126 1020 154 oF
1052 124 1251 154 ARDAGH.

235 237 426 295 Papistis
446 240 489 278 et
509 231 798 276 sacerdotibus
817 227 1035 284 capiendis
1047 242 1220 284 operam
1240 227 1314 269 dat
1334 243 1389 269 ex
1410 243 1593 283 quorum
1612 227 1790 270 ultimis:

234 301 420 354 quatuor
439 295 487 335 in
507 291 742 335 custodiam
762 288 852 329 dati
873 291 974 328 sunt
993 292 1036 327 et
1068 301 1122 327 ex
1141 285 1293 340 primis
1322 286 1655 327 innumerabiles
1675 302 1791 341 quo-2

235 371 334 398 rum
352 351 514 409 viginti
533 354 634 392 sunt
648 346 849 394 Hiberni‚
880 359 1025 386 omnes
1049 343 1241 399 cujusvis
1255 343 1582 399 conspirationis
1601 345 1783 400 perinde

238 415 487 456 innocentes
507 413 636 463 atque
667 405 738 447 Ill.
773 401 1021 445 Dominatio
1041 401 1211 443 Vestra.
1274 401 1475 443 Creditur
1503 401 1702 443 futurum
1730 407 1784 444 ut

241 469 545 513 terribiliorem
564 463 683 506 nasci
702 462 835 504 faciat
854 459 1205 516 persecutionem.
1229 458 1345 500 Talis
1366 465 1429 500 est
1441 459 1512 501 cui
1530 475 1655 501 nemo
1675 460 1795 502 fidat-

241 535 285 571 et
305 534 450 570 tamen
468 524 627 566 multos
646 520 824 562 deludit.
864 517 978 559 Mihi
998 517 1184 559 occurrit
1215 518 1407 559 sacerdos
1427 517 1601 573 Anglus
1621 518 1668 559 in
1688 518 1781 560 An-

243 587 377 642 gliam
396 582 679 641 proficisceDS‚
702 578 778 633 qui
798 576 911 618 dixit
940 590 1060 616 suam
1092 575 1364 617 sanctitatem
1396 575 1535 617 videri
1554 576 1710 617 bonam
1731 576 1789 617 de

244 646 299 687 D.
322 640 583 685 Protectoris
602 637 772 694 prolixa
792 635 839 676 in
861 633 1102 675 Catholioos
1122 633 1344 674 voluntate
1374 633 1596 689 concipere
1616 634 1792 689 opinio--

243 718 356 744 nem,
417 698 526 741 Risi.
590 694 739 742 Qualis
764 693 832 743 sit,
854 697 1024 747 tempus
1044 691 1224 732 docebit.
1289 691 1414 738 Quod
1440 692 1494 732 ad
1525 691 1784 733 Hiberniam

248 763 424 816 spectat,
446 758 493 798 in
514 752 763 809 exequenda
783 748 1125 804 transplantione
1154 749 1412 804 proceditur,
1446 754 1489 791 et
1508 749 1611 791 licet
1629 750 1784 805 Equiti

244 818 434 860 Roberto
455 819 583 869 atque
603 811 699 853 aliis
719 825 744 850 a
774 807 943 863 Regno,
981 822 1065 862 quo
1100 822 1150 848 ea
1183 808 1530 863 super-sederetur
1557 807 1698 849 missis
1718 823 1795 849 re·-

248 873 499 932 sponderint
532 885 620 912 non
660 866 958 922 exequendum
998 870 1041 906 et
1079 880 1157 920 per
1187 880 1263 906 sex
1293 865 1552 920 septimanas
1584 880 1785 921 suspensa

245 933 381 975 fuerit
399 927 682 972 nihilominus
701 940 800 967 cum
818 923 903 965 huc
924 922 1085 964 accitus
1104 922 1183 972 fui,
1216 923 1269 964 de
1298 938 1409 965 novo
1430 923 1707 965 decreverant
1736 928 1787 965 ut

247 991 364 1033 omni
385 1004 483 1031 cum
515 984 741 1028 severitate
770 980 1014 1023 executioni
1041 981 1332 1031 mandaretur,
1366 981 1482 1036 quod
1510 981 1689 1037 perinde
1724 986 1790 1023 est

248 1065 296 1091 ac
316 1048 445 1089 unius
466 1044 569 1087 anni
589 1042 726 1098 spatio
746 1040 991 1080 universam
1024 1038 1262 1080 Hiberniae
1296 1039 1568 1081 nobilitatem
1589 1044 1632 1081 et
1651 1055 1796 1095 popu--

246 1107 339 1149 lum
357 1105 473 1146 fame
493 1115 680 1144 enecare.
741 1097 826 1139 Per
846 1096 1071 1138 tribunum
1106 1096 1335 1138 Axtellum
1370 1112 1464 1138 eam
1499 1098 1789 1139 conditionem

247 1162 453 1206 haeretici
472 1158 735 1205 obtulerunt,
766 1160 817 1196 ut
848 1154 880 1195 ii
912 1154 989 1209 qui
1019 1153 1221 1209 Papismo
1242 1160 1286 1196 et
1305 1155 1465 1197 Missae
1485 1155 1799 1197 renunciarent-

248 1222 553 1268 eximerentur,
576 1216 650 1258 sed
668 1230 723 1256 ne
743 1228 856 1254 unus
877 1212 1051 1267 quidem
1085 1212 1259 1254 illorum
1290 1213 1579 1255 conditionem
1599 1214 1787 1255 admisit.

246 1276 607 1332 Praescripsimus
626 1278 676 1314 ut
706 1271 924 1312 universia
954 1270 1073 1311 natio
1108 1270 1248 1312 tribus
1277 1269 1508 1313 Sabbathis
1527 1272 1575 1313 in
1605 1287 1715 1327 pane
1746 1278 1790 1313 et

247 1352 359 1393 aqua
377 1336 642 1392 jejunarent,
664 1328 963 1372 Poenitentiae
994 1327 1268 1370 Sacramento
1297 1334 1472 1385 peccata
1501 1329 1726 1385 expiarent
1747 1334 1799 1371 et

247 1410 410 1438 secram
428 1388 747 1434 Eucharistiam
767 1390 997 1428 sumerent.

336 1451 462 1500 Quod
482 1450 535 1491 ab
556 1447 754 1490 omnibus
773 1451 865 1486 toto
886 1459 1020 1499 regno
1039 1444 1101 1485 ita
1121 1445 1387 1500 praestitum,
1410 1450 1460 1487 ut
1479 1445 1564 1501 ipsi
1583 1445 1794 1487 infantuli

247 1518 336 1553 tres
355 1509 426 1552 vel
446 1512 630 1564 quatuor
651 1518 784 1546 annos
795 1503 914 1543 natio
929 1517 1088 1558 magno
1103 1503 1246 1559 rigore
1266 1503 1485 1559 jejunium
1502 1504 1801 1555 observarent,.

249 1567 470 1611 haeriticis
491 1581 540 1607 ea
559 1567 736 1620 propter
755 1560 881 1603 valde
900 1560 1154 1615 indignatis.
1197 1561 1254 1602 In
1271 1561 1455 1603 Conaoia
1478 1562 1666 1604 conditio
1686 1562 1794 1604 haee

250 1628 346 1677 erit,
368 1639 522 1680 nempe
541 1627 592 1664 ut
611 1620 717 1677 ipsis
735 1618 799 1660 ibi
818 1617 1064 1669 latifundia,
1088 1618 1198 1660 sicut
1211 1634 1359 1661 eorum
1380 1625 1572 1662 armenta
1592 1621 1791 1675 exigunt,

249 1685 538 1741 assignentur,
560 1694 668 1735 quae
688 1676 829 1734 portio
849 1676 932 1718 erit
950 1691 1082 1732 parva
1101 1677 1232 1718 nimis
1249 1693 1258 1719 :
1291 1678 1480 1733 exampli
1508 1693 1646 1729 causa,
1669 1678 1802 1720 Dun-

249 1742 450 1785 boinniae
470 1737 632 1782 Baroni
663 1735 849 1791 triginta
878 1734 1035 1790 jugera
1064 1735 1359 1786 decreverunt,
1382 1743 1425 1778 et
1446 1736 1506 1778 sic
1526 1737 1580 1778 de
1600 1736 1791 1778 caeteris,

251 1801 309 1843 In
328 1801 410 1842 hoc
430 1798 560 1840 etiam
582 1799 697 1837 statu
717 1792 931 1848 oportebit
950 1797 1001 1833 ut
1019 1792 1067 1833 in
1088 1792 1272 1834 Oonacia
1301 1793 1416 1835 inter
1447 1809 1490 1835 se
1512 1799 1801 1850 septuagenta-

248 1857 462 1915 praesidia
481 1853 728 1910 Anglicana
749 1855 1003 1900 sustentent,
1027 1865 1210 1906 cumque
1230 1866 1376 1893 omnes
1397 1867 1545 1893 eorum
1563 1852 1804 1894 facultates-

250 1918 500 1970 absumptae
532 1911 710 1960 fuerint,
737 1908 822 1950 viri
854 1917 898 1949 et
930 1908 1145 1950 foeminae
1179 1909 1342 1965 viginti
1375 1910 1520 1952 solidis
1554 1910 1717 1966 singuli
1746 1910 1801 1951 in>

251 1974 476 2016 Americae
515 1968 678 2011 insulas
722 1966 1047 2021 transportandi
1084 1966 1367 2009 venalitiariis
1407 1969 1792 2017 venumdebantur‚

252 2048 336 2088 quo
357 2030 482 2072 modo
503 2028 594 2084 jam
613 2024 788 2068 tractati
808 2024 930 2066 fuere
949 2024 1060 2066 bono
1080 2024 1173 2067 loco
1193 2026 1298 2076 nati,
1319 2026 1404 2067 viri
1423 2026 1588 2068 nobiles
1609 2032 1651 2068 et
1672 2040 1797 2082 agro-

253 2105 348 2132 rum
371 2089 585 2130 avitorum
603 2097 887 2141 possessores3
923 2087 1145 2137 praeterea
1179 2098 1234 2125 ex
1261 2084 1393 2140 vulgo
1425 2084 1592 2126 milleni
1621 2085 1803 2127 nomina·

255 2149 357 2190 dare
377 2149 591 2201 coguntur
611 2147 654 2184 et
675 2140 838 2196 singuli
856 2140 1018 2195 viginti
1039 2140 1185 2182 solidis
1205 2142 1463 2184 venduntur.
1506 2143 1562 2184 In
1574 2143 1650 2184 illo
1664 2157 1810 2199 regno-

254 2205 368 2248 nihil
387 2204 533 2245 videre
555 2206 619 2242 est
647 2199 732 2241 nisi
752 2198 1090 2246 lamentationes,
1121 2199 1392 2250 ululationes,
1423 2200 1664 2255 pahnarum
1685 2216 1796 2243 com-

255 2263 480 2320 plosiones,
529 2257 868 2314 imprecationes.
942 2255 1212 2298 Malediount
1262 2257 1480 2308 Ormonio,
1535 2258 1801 2301 maledicunt

258 2321 373 2377 Regi
405 2324 448 2361 et
482 2318 626 2372 Papae
658 2315 838 2370 ejusque
867 2313 1039 2355 Nunoio
1075 2319 1118 2356 et
1149 2314 1261 2356 clero
1292 2320 1335 2357 et
1364 2316 1549 2371 denique
1584 2316 1666 2358 sibi
1696 2317 1812 2372 ipsis-

259 2379 374 2434 quod
403 2390 595 2431 unquam
623 2373 718 2414 nati
747 2371 925 2413 fuerint.
986 2372 1104 2414 Deus
1133 2373 1247 2427 ipsos
1276 2373 1528 2415 consoletur.
1591 2374 1717 2421 Quod
1746 2375 1801 2416 ad

260 2453 327 2478 me
357 2437 498 2491 ipsum
529 2431 686 2474 attinet
705 2429 808 2471 licet
836 2429 1040 2471 mandata
1060 2431 1114 2471 ad
1142 2446 1212 2472 me
1243 2431 1595 2486 prehendendum
1615 2432 1803 2474 exierint

259 2492 540 2536 nihilominus
563 2489 674 2530 mihi
707 2488 927 2529 decretum
957 2493 1021 2529 est
1041 2503 1139 2530 cum
1158 2488 1262 2544 ipsis
1291 2489 1381 2531 illic
1407 2489 1530 2541 mori,
1551 2505 1654 2532 mox
1673 2496 1812 2546 atque<

261 2551 499 2608 superiores
529 2546 640 2588 mihi
670 2544 856 2587 facerint
887 2546 1095 2587 redeundi
1113 2552 1383 2601 potestatem.

351 2608 476 2656 Quod
494 2620 610 2646 nunc
629 2617 854 2659 possumus
872 2603 989 2644 haud
1015 2603 1133 2645 aliud
1159 2609 1222 2645 est
1252 2619 1382 2659 quam
1412 2610 1462 2646 ut
1497 2620 1566 2647 eos
1597 2610 1639 2647 et
1660 2620 1685 2646 a
1704 2620 1801 2661 pec-

262 2667 368 2710 catis
389 2664 669 2709 absolvamus,
691 2667 734 2701 et
754 2661 809 2701 ad
829 2660 1009 2701 alteram
1027 2661 1164 2703 vitam
1192 2677 1504 2718 praeparemus.
1566 2663 1623 2705 In
1643 2663 1810 2704 Hiber--

263 2726 335 2766 nia
354 2723 472 2765 haud
492 2724 643 2763 extant
663 2718 810 2760 decem
828 2717 1020 2760 familiae
1039 2720 1196 2774 quibus
1211 2725 1410 2775 suppetat
1422 2721 1536 2763 unde
1553 2736 1628 2762 sex
1639 2735 1811 2762 menses

264 2798 374 2838 pane
395 2786 438 2823 et
457 2779 568 2820 lacte
587 2776 812 2826 victitent3
846 2777 961 2831 quod
989 2776 1038 2818 in
1057 2777 1266 2819 tractibus
1295 2793 1401 2833 quos
1431 2779 1523 2835 ipse
1556 2779 1812 2834 frequenta--

266 2840 402 2881 verim
422 2833 690 2892 experientia
709 2834 898 2889 comperi
918 2839 1006 2891 eta
1025 2835 1241 2890 primariis
1260 2836 1367 2878 viris
1378 2836 1594 2879 nobilibus
1614 2852 1668 2879 ex
1688 2835 1811 2878 omni

265 2897 383 2940 illius
402 2892 591 2937 infelicis
611 2891 737 2948 regni
756 2895 879 2946 parte
900 2891 1093 2935 oriundis
1113 2898 1228 2935 certo
1248 2893 1392 2936 didici.
