1887 3188
697 102 1094 132 mos-ARD-ABHLA.
1620 95 1675 137 29

123 207 274 257 forma,
309 203 618 269 benedictione,
657 204 921 247 caeremoniis
953 210 1029 247 aut
1049 206 1204 255 verbis,
1240 222 1369 263 quam
1388 208 1541 264 iisquae
1562 224 1674 251 com-

122 265 313 306 muniter
342 263 558 304 habentur
589 262 634 304 in
667 262 754 304 fine
786 262 977 305 Missalis
1008 263 1196 306 Romani
1237 266 1292 307 ad
1320 266 1674 309 benedicendam-

121 338 290 379 aquam,
314 322 392 364 sub
412 335 539 377 poena
558 319 754 377 praefata.

210 382 264 422 4⁰.
299 380 409 422 Cum
444 378 667 420 audiamus
701 378 868 434 aliquos
907 379 961 421 de
999 385 1184 436 utroque
1225 380 1337 424 clero
1378 382 1425 424 in
1456 398 1563 438 prov
1566 384 1679 426 incia

122 438 400 481 Dublim'ensi
419 437 571 479 diebus
591 437 831 479 Dominicis
852 442 895 479 et
915 437 1084 479 festivis
1104 445 1170 480 ter
1191 439 1339 481 eodem
1360 440 1429 482 die
1450 442 1591 483 celeb1
1593 458 1676 492 are,

122 504 165 540 et
201 497 382 539 subinde
412 495 479 538 bis
510 495 661 537 diebus
692 494 930 546 ferialibus,
967 511 1023 538 ne
1049 496 1229 538 mallum
1260 497 1369 539 illud
1400 503 1444 541 et
1473 500 1679 542 inusitata

123 556 271 611 praxis
303 556 351 596 in
385 559 578 595 nostram
603 553 872 609 provinciam
902 559 1058 609 serpat,
1097 555 1326 597 statuimus
1357 562 1401 598 et
1430 558 1678 600 ordinamus

121 614 238 669 quod
257 613 405 654 nullus
424 612 473 653 in
492 616 640 653 nostra
670 611 972 668 jurisdictione
1006 613 1162 654 audeat
1197 619 1272 655 aut
1306 621 1538 670 praesumat
1569 617 1676 659 cele-

123 673 248 713 brare
268 671 384 713 ultra
415 670 650 712 secundum
686 685 854 711 sacrum
881 670 1033 712 diebus
1067 671 1309 713 Dominicis
1334 679 1377 714 et
1407 673 1603 725 fest-ivis,
1595 691 1603 698 ·
1637 682 1680 717 et

121 731 204 772 hoc
238 730 382 786 ipsum
415 728 695 794 indulgemus
726 734 899 770 tantum
938 744 1083 770 curam
1122 730 1363 772 animarum
1403 731 1674 781 habentibus,

122 789 253 844 idque
273 791 459 844 urgente
478 786 758 837 necessitate;
780 786 828 828 in
847 786 1072 829 ferialibus
1102 793 1247 830 autem
1276 789 1423 831 nullus
1443 799 1677 846 praesumat

122 847 350 889 secundem
372 860 540 887 sacrum
559 844 775 887 celebrare
795 846 874 887 sub
894 861 1021 901 poena
1042 846 1342 913 suspensionis.

212 906 265 946 5⁰.
299 904 540 946 Statuimus
575 907 620 945 et
654 903 903 945 ordinamus
938 904 1054 959 quod
1094 905 1170 960 qui
1201 910 1420 960 praetextu
1455 906 1677 949 Missionis

122 963 291 1005 inventi
311 962 477 1004 fuerint
499 961 590 1003 sine
626 961 895 1017 superiorum
927 977 1101 1004 suorum
1133 963 1321 1013 licentia,
1355 965 1612 1007 admissione
1634 971 1677 1008 et

122 1021 428 1078 approbatione
459 1019 789 1061 ordinariorum
808 1020 973 1076 vagari,
1006 1021 1280 1077 corrigantur
1310 1022 1439 1077 Juxta
1468 1023 1540 1079 jus
1561 1039 1673 1065 com⁴

123 1095 266 1130 mune,
290 1079 380 1121 sive
401 1078 616 1120 saecularis
636 1078 727 1120 sive
761 1079 974 1135 regularis
1005 1079 1092 1121 sint
1127 1080 1180 1121 31)
1213 1080 1456 1122 Ο1ᾶ11131115
1484 1082 1676 1124 1060111111

122 1137 376 1195 lespective.

212 1197 264 1237 6⁰.
298 1194 538 1238 Statuimus
570 1199 614 1236 et
648 1194 896 1236 ordinamus
935 1200 986 1236 ut
1025 1195 1172 1237 nullus
1212 1196 1367 1238 audeat
1406 1198 1453 1239 in
1494 1198 1675 1254 impedi.

122 1254 281 1297 mentis
310 1252 580 1295 matrimonii
609 1252 856 1309 dispensare
884 1252 1048 1296 virtute
1081 1254 1391 1311 cujuscumque
1417 1256 1579 1298 indulti
1601 1266 1675 1299 aut

121 1312 344 1370 privilegii
377 1312 469 1353 sine
504 1326 552 1353 eo
585 1316 699 1366 quod
733 1311 854 1367 prius
889 1312 1150 1367 approbetur
1185 1312 1281 1368 ejus
1322 1314 1561 1356 authoritas
1602 1324 1677 1359 aut

121 1371 306 1413 facultas
326 1370 380 1412 ab
414 1369 644 1412 Ordinario
675 1370 759 1412 loci
793 1375 837 1411 et
872 1370 919 1411 in
952 1370 1033 1412 hoc
1067 1376 1228 1412 statuto
1262 1371 1525 1414 includimus
1546 1374 1676 1418 etiam

121 1429 374 1485 Regulares,
398 1428 476 1470 sub
497 1443 624 1483 poena
645 1428 934 1484 suspensionis
964 1429 1018 1469 ad
1052 1428 1227 1470 libitum
1249 1429 1498 1481 Ordinarii3
1522 1431 1677 1476 deinde

121 1487 395 1544 praecipimus
429 1491 480 1527 ut
511 1486 658 1528 nullus
689 1486 909 1528 Parochus
949 1487 1130 1542 recipiat
1164 1487 1416 1544 hujusmodi
1456 1489 1673 1544 dispensa-

119 1547 258 1588 tiones
279 1561 304 1587 a
323 1544 615 1601 Regularibus
636 1544 767 1586 etiam
787 1545 1000 1587 societatis
1013 1545 1042 1586 J
1044 1561 1130 1595 esu,
1153 1545 1245 1588 sine
1262 1546 1484 1588 Ordinarii
1502 1548 1678 1593 licentia

123 1605 202 1647 sub
212 1619 348 1704 7poena
369 1603 671 1658 suspensionis.

257 1661 372 1703 ,Ad
392 1661 573 1703 abusus
561 1676 608 1702 111
623 1665 844 1717 posterum
863 1661 1075 1703 tollendos
1096 1666 1140 1704 et
1155 1664 1497 1718 compescendos,
1523 1663 1673 1706 statui-

121 1736 218 1763 mus
212 1664 294 1762 7et
325 1720 573 1761 ordinamus
605 1725 649 1761 et
679 1720 941 1775 quicumque
974 1720 1063 1762 sive
1098 1720 1314 1763 saecularis
1347 1722 1437 1763 sive
1466 1721 1678 1779 regularis

122 1779 270 1829 fuerit,
293 1777 369 1833 qui
388 1793 466 1833 pro
486 1777 694 1820 beneficio
714 1783 789 1820 aut
821 1778 959 1820 officio
993 1778 1227 1820 obtinendo
1259 1784 1334 1821 aut
1354 1780 1580 1822 retinendo
1602 1786 1676 1820 aut

122 1853 201 1893 pro
223 1853 266 1879 se
286 1836 544 1878 vindicando
566 1837 619 1878 de
640 1851 715 1878 suo
737 1837 954 1892 superiore
984 1842 1060 1878 aut
1090 1838 1387 1892 competitiore
1407 1854 1531 1881 r‘ecui
1533 1843 1600 1880 rat
1622 1838 1675 1879 ad

91 1913 94 1915 ’
122 1895 349 1938 brachium
380 1894 580 1936 saeoulare
610 1895 910 1951 quodcumque
951 1895 1041 1937 sive
1075 1895 1344 1938 Catholicum
1378 1897 1467 1939 sive
1502 1896 1672 1939 11601611-

124 1969 223 1997 611111
244 1953 300 1995 511
319 1958 478 2009 praeter
497 1958 648 1994 notam
667 1953 860 1995 infamiae
881 1968 930 1995 eo
950 1953 1043 2008 ipso
1072 1953 1344 1996 incurrendae
1369 1955 1458 1996 sit
1445 1971 1537 2010 ipso
1558 1955 1674 1997 facto

122 2011 329 2054 inhabilis
361 2017 404 2053 et
437 2011 623 2067 incapax
655 2011 752 2068 ejus
785 2011 984 2053 beneficii
1016 2017 1092 2053 aut
1124 2012 1251 2054 officii
1290 2028 1368 2068 pro
1409 2028 1493 2068 quo
1529 2013 1675 2054 taliter

124 2069 356 2113 recurrerit
374 2085 382 2110 z
406 2068 540 2111 laicus
561 2069 690 2111 etiam
712 2085 756 2111 se
776 2069 1020 2111 immiscens
1040 2070 1142 2112 huic
1163 2071 1280 2112 casui
1302 2071 1357 2112 sit
1378 2071 1671 2113 excommuni-

121 2133 254 2171 catus.

212 2187 266 2228 8⁰.
300 2186 540 2228 Statuimus
575 2190 619 2228 et
653 2185 902 2228 ordinamus
947 2190 997 2228 ut
1033 2186 1196 2242 singuli
1237 2186 1459 2229 Ordinarii
1498 2187 1545 2228 in
1587 2187 1674 2228 suis

123 2244 359 2300 respective
379 2243 644 2286 Dioecesibus
676 2243 842 2300 eligant
875 2244 1123 2295 immediate
1154 2250 1252 2300 post
1282 2245 1470 2287 reditum
1501 2245 1555 2286 ad
1575 2260 1672 2300 pro-

123 2304 220 2359 pria
255 2303 568 2345 examinatores
600 2307 644 2344 et
675 2303 906 2359 magistros
938 2303 1290 2344 caeremoniarum
1320 2303 1449 2359 juxta
1483 2309 1674 2345 mentem

126 2361 310 2403 Concilii
350 2359 608 2405 Tridentini.
650 2360 741 2402 sine
776 2376 960 2416 quorum
990 2360 1298 2417 magistrorum
1337 2365 1413 2402 aut
1454 2361 1675 2403 Ordinarii

126 2419 363 2475 respective
403 2418 708 2474 approbatione
739 2418 788 2460 in
821 2418 991 2474 scriptis
1023 2419 1199 2461 obtenta
1237 2418 1384 2460 nullus
1416 2434 1471 2460 ex
1504 2419 1675 2461 noviter

129 2477 338 2519 ordinatis
370 2482 444 2518 aut
477 2477 525 2518 in
558 2482 780 2533 posterum
811 2477 1062 2518 ordinandis
1096 2477 1295 2519 accedere
1325 2482 1588 2533 praesumant
1621 2478 1674 2519 ad

129 2535 275 2578 Missae
295 2534 626 2577 celebrationem
647 2535 726 2577 sub
745 2550 872 2590 poena
892 2535 1124 2576 Interdicti
1144 2535 1198 2576 ad
1218 2551 1293 2577 sex
1312 2550 1490 2577 menses.

219 2595 272 2635 9⁰.
336 2593 575 2635 Statuimus
607 2598 651 2635 61
685 2594 932 2635 ordinamus
963 2597 1013 2634 ut
1043 2592 1211 2634 furtum
1247 2593 1456 2635 excedens
1485 2593 1675 2635 valorem

129 2651 320 2707 quinque
370 2651 602 2692 solidorum
651 2656 836 2693 monetae
874 2650 1132 2707 Anglicanae
1173 2651 1229 2692 sit
1268 2666 1389 2692 casus
1435 2657 1676 2693 reservatus

127 2709 363 2765 respective
385 2708 626 2751 Ordinariis
644 2708 859 2760 locorum3
882 2724 981 2751 cum
1001 2708 1171 2750 furibus
1191 2724 1467 2751 numeramus
1486 2709 1677 2752 fautores

127 2773 380 2823 receptoreS‚
418 2766 647 2809 concilium
679 2767 842 2818 dantes,
881 2772 923 2809 et
955 2766 1118 2809 furtive
1150 2767 1293 2808 ablata
1328 2767 1511 2809 scienter
1532 2768 1585 2809 ab
1615 2768 1676 2810 eis

127 2831 332 2868 ementes.
