1887 3188
222 74 279 115 28
752 86 934 115 mocnsn
965 87 1019 114 or
1041 86 1243 114 AnnAGH.

227 189 531 246 Clogherensis
547 206 558 242 3
575 190 727 232 Priore
749 190 1022 232 Colideorum
1041 189 1247 231 Ecclesiae
1275 187 1546 231 Cathedralis
1565 188 1777 230 Ardama-

228 248 377 290 chanae
391 265 400 299 3
424 248 709 291 Procuratore
721 248 929 290 Fratrum
947 248 1169 290 Minorum
1184 247 1228 289 S.
1243 247 1491 298 Francisci3
1515 262 1614 289 cum
1628 247 1779 289 multis

228 305 460 362 Theologis
480 307 755 349 saecularibus
776 313 819 348 et
846 306 1139 362 Regularibus
1173 306 1228 348 ad
1247 306 1295 347 id
1314 306 1477 348 vocatis
1497 312 1540 347 et
1561 305 1779 361 aliquibus

230 364 362 406 etiam
382 365 479 406 aliis
500 380 549 407 ea
569 365 749 420 reliquis
769 364 1017 421 provinciis.

316 422 465 465 Primo
498 428 596 480 post
630 422 830 465 Litanias
861 423 1054 464 omnium
1090 421 1348 464 Sanctorum
1379 420 1560 464 Sacrum
1600 421 1779 464 0011010-

229 496 343 531 nem,
366 486 410 523 et
431 481 749 523 invocationem
762 480 952 537 Spiritus
972 480 1134 531 Sancti,
1156 480 1268 523 lecto
1283 480 1449 535 hymno
1462 480 1579 523 Veni
1600 479 1779 522 Creator

230 539 432 595 Spiritus,
453 539 760 581 declarandum
780 554 870 581 esse
890 538 1095 581 duximus
1115 538 1226 581 sicut
1245 554 1324 595 per
1337 544 1571 594 praesentes
1591 538 1761 580 declara

230 612 338 648 mUS,
372 603 659 653 protestamur
699 603 743 639 et
776 604 930 639 notum
964 596 1162 647 facimus,
1197 612 1277 639 nos
1311 597 1426 639 nihil
1465 596 1584 638 aliud
1623 596 1671 638 in
1702 596 1784 638 hac

230 661 378 697 nostra
408 655 691 697 conventione
720 655 934 706 meditari,
983 655 1096 698 velle
1125 660 1201 697 aut
1246 655 1485 704 intendere,
1527 670 1660 710 quam
1698 654 1784 696 Dei

232 713 553 770 Omnipotentis
574 713 770 769 gloriam,
793 713 1038 770 Religionis
1051 713 1285 756 Catholicae
1297 713 1605 756 exaltationem
1620 712 1782 754 anima-

232 787 329 812 rum
365 772 560 823 salutem,
594 771 732 828 Regis
764 778 807 814 et
841 771 988 828 Regni
1027 771 1391 828 tranquillitatem
1427 772 1702 813 securitatem
1741 777 1785 813 et

232 845 393 885 pacem,
417 830 645 872 reddentes
665 845 714 872 ea
734 845 831 886 quae
851 836 953 872 sunt
975 829 1155 872 Caesaris
1191 829 1362 881 Oaesari,
1398 836 1441 872 et
1462 845 1559 886 quae
1580 835 1682 871 sunt
1701 829 1787 871 Dei

233 888 338 929 Deo.

322 947 374 987 1⁰.
407 945 649 989 Statuimus
669 961 786 1002 ergo,
809 945 1024 988 sancimus
1044 951 1088 989 et
1114 946 1379 996 ordinamus,
1398 952 1449 988 ut
1469 945 1634 1003 singuli
1652 945 1785 987 Paro-

233 1004 304 1045 chi
343 1005 624 1056 catechizem,
669 1006 955 1047 exhortentur
994 1011 1071 1046 aut
1122 1005 1431 1047 concionentur
1482 1005 1537 1046 ad
1577 1003 1786 1061 populum

233 1062 416 1118 singulis
456 1063 607 1105 diebus
645 1062 886 1105 Dominicis
927 1069 971 1105 et
1009 1063 1134 1105 festis
1176 1063 1505 1105 solemnioribus
1545 1063 1624 1105 sub
1659 1077 1787 1119 poena

234 1122 426 1176 quinque
457 1121 691 1163 solidorum
710 1127 895 1163 monetae
915 1121 1175 1178 Anglicanae
1198 1121 1246 1164 in
1265 1121 1360 1178 pios
1379 1137 1482 1163 usus
1501 1136 1579 1177 per
1601 1121 1784 1163 Ordina-

233 1179 318 1219 rios
339 1179 575 1235 respective
606 1180 1008 1230 convertendorum,
1041 1180 1171 1222 toties
1202 1180 1371 1236 quoties
1401 1180 1449 1221 in
1483 1179 1565 1221 hoc
1597 1186 1788 1235 pastores

234 1239 471 1292 respect-ive
498 1238 789 1293 deliquerint;
823 1238 939 1294 quod
960 1238 996 1279 si
1016 1238 1071 1279 ad
1101 1238 1249 1280 decem
1270 1238 1531 1294 septimanas
1561 1238 1789 1280 continuas

235 1295 282 1336 in
321 1296 401 1336 hoc
435 1296 664 1352 quisquam
702 1296 933 1352 negligens
972 1296 1109 1338 fuerit
1140 1312 1189 1338 eo
1219 1297 1312 1353 ipso
1349 1296 1557 1338 beneficio
1591 1296 1789 1352 privatus

238 1361 408 1394 existat.

324 1413 380 1453 2⁰.
413 1411 654 1453 Statuimus
689 1417 732 1454 et
764 1412 1012 1454 ordinamus
1046 1417 1098 1455 ut
1124 1428 1272 1455 omnes
1303 1412 1381 1469 qui
1410 1412 1529 1455 olent
1554 1412 1607 1454 de
1637 1412 1790 1454 Janse-

236 1469 375 1511 nismo
408 1475 483 1511 aut
519 1470 840 1525 quomodolibet
874 1471 988 1513 olere
1019 1471 1303 1527 reperientur,
1337 1476 1413 1513 aut
1447 1472 1501 1513 de
1530 1471 1685 1513 haeresi
1705 1470 1791 1512 alia

237 1542 508 1583 quacumque
529 1544 553 1569 a
574 1529 672 1570 sede
691 1528 943 1585 Apostolica
968 1530 1173 1571 damnata
1207 1545 1256 1571 eo
1282 1529 1377 1586 ipso
1398 1529 1485 1571 sint
1512 1528 1726 1571 inhabiles
1747 1537 1790 1570 et

239 1586 462 1641 incapaces
483 1587 795 1642 cujuscumque
814 1587 1068 1643 praelaturae,
1103 1588 1333 1644 dignitatis
1364 1593 1408 1629 et
1428 1587 1626 1629 beneficii
1658 1587 1790 1629 etiam

238 1644 421 1693 minimi,
444 1644 491 1686 in
511 1644 592 1686 hac
611 1651 758 1686 nostra
778 1646 1000 1701 provincia
1019 1645 1326 1688 Ardmachana
1344 1662 1352 1688 :
1376 1646 1558 1702 proinde
1578 1661 1633 1687 ne
1658 1645 1792 1700 (quod

240 1702 358 1743 Deus
379 1707 547 1744 avertat
568 1708 611 1744 et
644 1718 723 1744 nos
756 1703 1061 1757 formidamus)
1095 1705 1143 1745 in
1178 1704 1307 1746 ovina
1341 1704 1454 1760 pelle
1475 1704 1723 1746 subintrent
1743 1704 1792 1745 in

240 1760 519 1801 Dominicum
540 1776 719 1817 gregem
738 1761 981 1804 multifaria
1000 1762 1155 1804 haeresi
1173 1763 1433 1819 jamdudum
1467 1764 1678 1819 agitatam
1698 1762 1793 1818 lupi

243 1833 428 1873 rapaces,
463 1819 752 1875 supplicamus
786 1819 1032 1862 humillime
1067 1836 1202 1877 eaque
1237 1836 1323 1877 qua
1354 1821 1477 1863 decet
1511 1820 1793 1863 submissione

244 1876 333 1917 sedi
353 1876 629 1933 Apostolicae,
650 1884 853 1933 rogantes
883 1884 1097 1933 quatenus
1130 1879 1278 1921 nullus
1307 1879 1355 1921 in
1380 1884 1602 1935 posterum
1621 1894 1791 1935 promo-

242 1939 393 1975 veatur
414 1935 469 1976 ad
495 1935 731 1991 dignitates
751 1942 828 1978 aut
857 1936 1065 1979 beneficia
1096 1952 1378 1993 quaecumque
1397 1937 1445 1978 in
1465 1938 1546 1979 hac
1572 1937 1796 1994 provincia

243 1992 334 2033 sine
355 1994 724 2035 commendatione
744 1994 1039 2036 lllustrissimi
1059 1995 1115 2037 D.
1138 1995 1359 2046 Primatis,
1383 2001 1427 2037 et
1456 1995 1678 2038 Ordinarii
1698 1996 1738 2053 ej
1747 2011 1796 2037 us

241 2050 556 2106 jurisdictionis
570 2052 618 2093 in
638 2067 724 2108 qua
747 2052 844 2094 talis
863 2053 1075 2109 promotio
1095 2054 1409 2110 expectabitur.

333 2110 386 2150 3⁰.
419 2109 659 2152 Statuimus
681 2116 724 2152 et
744 2111 992 2153 ordinamus
1012 2112 1067 2153 ad
1098 2112 1371 2154 confusiones
1391 2117 1435 2154 et
1455 2112 1794 2169 superstitiones,

245 2181 340 2221 quae
360 2166 474 2209 forte
495 2169 723 2225 subrepere
743 2175 935 2225 possunt,
963 2171 1287 2226 praeveniendas
1317 2176 1361 2212 et
1390 2170 1438 2212 in
1464 2176 1685 2227 posterum
1706 2170 1793 2212 evi-

243 2225 407 2277 tandas,
430 2232 479 2267 ut
499 2226 612 2268 nulli
632 2228 806 2269 omnino
837 2227 966 2270 liceat
993 2229 1220 2271 circumire
1251 2244 1350 2271 cum
1382 2229 1594 2279 crucibus,
1617 2228 1794 2279 baculis,

244 2283 379 2337 pedis,
411 2285 689 2340 campanulis,
725 2285 849 2336 nolis,
883 2286 1108 2335 scuttellis‚
1142 2286 1462 2337 tintinnabulis,
1499 2286 1675 2334 catenis,
1705 2287 1795 2328 cin-

245 2341 373 2396 gulis,
405 2342 626 2397 lapillulis,
663 2358 762 2385 cum
787 2344 952 2385 Baculo
988 2344 1137 2387 Sancti
1171 2345 1366 2394 Patricii,
1396 2345 1491 2386 velo
1522 2345 1565 2386 S.
1587 2344 1795 2401 Brigidae,

245 2399 498 2455 Evangeliis
531 2401 573 2457 S.
613 2401 845 2452 Columbae,
881 2411 957 2443 aut
977 2403 1190 2445 similibus
1221 2409 1297 2444 aut
1328 2402 1437 2444 tales
1467 2402 1692 2457 Reliquias
1728 2403 1798 2444 vel

247 2458 369 2512 quasi
390 2458 615 2514 Reliquias
633 2460 793 2515 populo
814 2475 1040 2515 exponere,
1073 2461 1152 2503 sub
1171 2476 1299 2516 poena
1328 2460 1797 2511 excommunicationis,

248 2517 339 2556 sine
361 2517 534 2571 speciali
553 2517 730 2559 licentia
750 2524 794 2559 et
828 2519 1136 2573 approbatione
1170 2518 1500 2561 Ordinariorum
1532 2519 1797 2573 respective3

250 2573 449 2615 similiter
469 2575 547 2616 sub
567 2575 721 2617 iisdem
735 2577 875 2631 poenis
888 2577 1118 2618 statuimus
1132 2581 1182 2618 ut
1201 2576 1314 2618 nulli
1333 2581 1515 2617 utantur
1533 2577 1799 2618 orationibus

255 2631 403 2687 (vulgo
425 2631 603 2687 Orrha),
622 2633 984 2676 insufflationibus
1004 2640 1079 2676 aut
1100 2634 1311 2676 similibus
1331 2649 1429 2690 quae
1450 2634 1800 2689 superstitionem

250 2703 396 2743 sapere
416 2697 609 2745 possunt,
642 2692 716 2733 sed
747 2692 801 2733 iis
833 2697 1006 2733 tantum
1039 2692 1305 2735 orationibus
1339 2697 1383 2734 et
1418 2692 1682 2734 caeremoniis
1702 2707 1799 2748 quae

252 2753 352 2788 sunt
387 2749 440 2790 ab
472 2749 666 2791 Ecclesia
697 2750 970 2805 approbatae:
1004 2750 1112 2792 item
1147 2750 1377 2792 statuimus
1406 2757 1450 2791 et
1481 2750 1729 2792 ordinamus
1749 2758 1799 2792 ut

250 2805 396 2847 nullus
417 2808 591 2849 omnino
613 2809 807 2849 sacerdos
827 2808 917 2849 sive
939 2809 1153 2850 saecularis
1175 2808 1263 2850 sive
1290 2807 1514 2864 regularis,
1547 2814 1695 2849 utatur
1715 2807 1799 2849 alia
