1887 3188
219 81 274 122 30
743 86 926 115 DlocsssE
956 86 1011 115 OF
1041 86 1244 114 ARDAGH.

275 196 362 237 100.
396 192 635 236 Statuimus
657 196 699 232 et
721 190 967 232 ordinamus
983 189 1099 244 quod
1116 204 1262 230 omnes
1279 188 1518 230 sacerdotes
1534 187 1770 231 saeculares

215 255 292 310 qui
324 269 379 295 ex
409 252 489 294 hac
524 255 672 292 nostra
703 248 926 305 provincia
959 247 1171 303 fugerunt
1201 252 1277 288 aut
1310 247 1542 302 proscripti
1574 247 1768 298 fuerunt,

216 311 406 368 exceptis
426 311 479 351 iis
500 309 576 364 qui
596 306 822 349 actualiter
848 306 1108 347 incumbunt
1139 305 1305 356 studiis,
1328 305 1475 346 redeat
1507 305 1555 346 in
1581 305 1769 361 patriam

215 370 333 412 infra
368 369 560 425 quinque
591 380 759 408 menses
794 365 848 406 ab
882 364 1039 405 harum
1068 363 1236 413 notitia,
1272 363 1468 418 ahoquin
1502 370 1652 405 contra
1685 363 1768 406 hoc

217 432 428 470 statutum
462 440 644 482 peccans
677 423 733 465 sit
765 422 952 478 incapax
970 421 1169 463 beneficii
1201 426 1276 463 aut
1316 421 1445 463 officii
1485 422 1653 464 obtenti
1693 429 1768 464 aut

216 485 442 529 obtinendi
461 485 576 526 intra
597 487 789 524 nostram
808 480 1089 537 provinciam.

275 545 362 586 110.
395 542 634 585 Statuimus
655 545 698 582 et
720 540 968 581 ordinamus
987 544 1038 579 ut
1059 538 1115 579 sit
1134 537 1411 579 uniformitas
1431 537 1594 594 jejunii
1609 538 1657 580 in
1677 544 1767 580 tota

213 602 448 659 provincia,
465 600 580 656 quod
594 599 722 640 liceat
735 597 848 639 vesci
870 596 1102 638 lacticiniis
1117 596 1316 637 omnibus
1335 596 1460 638 feriis
1481 597 1614 638 sextis
1633 597 1768 638 totius

216 662 333 712 anni,
357 660 487 702 etiam
510 655 874 712 Quadragesimae
893 655 942 696 in
968 670 1056 696 una
1088 654 1335 705 refectione,
1359 655 1540 696 dicendo
1575 655 1768 710 quinque

214 720 345 761 Pater
380 719 539 759 Noster
573 722 615 757 et
646 714 742 756 Ave
781 728 860 769 pro
900 718 1017 754 statu
1055 712 1273 754 Ecclesiae
1312 713 1440 754 toties
1480 714 1660 768 quoties,
1698 713 1770 755 vel

216 777 420 819 solvendo
441 790 577 817 unum
598 772 784 815 solidum
802 777 1000 813 monetae
1029 770 1301 827 Anglicanae
1333 771 1464 813 semel
1495 772 1542 813 in
1575 786 1688 813 anno
1720 771 1768 813 in

214 852 340 877 usum
362 832 700 877 Seminariorum
718 846 726 871 :
760 829 1000 885 excipimus
1019 833 1167 871 tamen
1187 829 1241 870 ab
1261 829 1343 870 hoc
1363 829 1595 886 privilegio
1610 829 1767 871 feriam

217 902 383 936 sextam
403 893 673 939 Parasceves,
697 889 808 930 sicut
828 894 871 929 et
897 887 1030 929 ferias
1061 891 1237 943 quartas
1270 887 1477 929 Cinerum
1507 896 1551 930 et
1581 887 1768 944 Mojoris

215 951 546 994 Hebdomadae:
580 948 695 989 inter
714 946 934 988 lacticinia
954 946 1287 987 adnumeramus
1317 961 1499 988 caseum.
1561 946 1764 988 Declara-

215 1026 312 1052 mus
346 1010 477 1051 etiam
509 1007 626 1062 quod
657 1020 712 1046 ex
743 1004 909 1059 vigiliis
943 1003 1105 1045 Beatae
1144 1004 1311 1045 Mariae
1346 1004 1560 1060 Virginis,
1597 1004 1685 1046 sola
1717 1020 1766 1047 ea

216 1068 382 1123 obligat
402 1081 511 1122 quae
533 1069 597 1106 est
616 1062 953 1117 AssumptioniS‚
976 1062 1031 1103 ad
1050 1061 1274 1118 jejunium
1293 1067 1338 1103 et
1357 1063 1678 1104 abstinentiam.

275 1127 362 1167 1:2³.
396 1123 634 1166 Statujmus
654 1126 698 1163 et
718 1120 966 1162 ordinamus
985 1126 1036 1161 ut
1061 1120 1097 1161 si
1118 1120 1215 1175 quis
1233 1126 1429 1176 repertus
1444 1120 1580 1162 fuerit
1600 1121 1766 1177 aliquid

214 1184 370 1234 moliri,
393 1180 646 1231 machinari,
669 1184 744 1220 aut
764 1178 908 1220 Verbis
938 1184 1014 1219 aut
1044 1177 1174 1220 factis
1206 1184 1420 1221 attentare
1456 1186 1606 1221 contra
1641 1178 1762 1222 Sere-

212 1243 441 1284 nissimum
461 1240 629 1295 Regem
648 1242 845 1279 nostrum
867 1236 1081 1287 Oarolum,
1114 1243 1158 1278 et
1192 1237 1245 1278 de
1281 1252 1330 1279 eo
1362 1238 1585 1279 convictus
1614 1237 1762 1288 fuerit,

214 1302 268 1343 ab
289 1300 426 1342 officio
447 1304 490 1340 et
509 1295 717 1339 beneficio
739 1295 1024 1350 suspendatur
1043 1310 1122 1351 per
1144 1294 1450 1345 Ordinarium;
1482 1311 1651 1338 necnon
1671 1297 1764 1353 ipso

213 1359 329 1401 facto
351 1355 746 1400 excommunicatus
783 1359 827 1395 et
862 1352 1069 1394 inhabilis
1104 1352 1160 1394 ad
1191 1367 1483 1410 quascumque
1517 1354 1764 1397 functiones

213 1419 331 1460 intra
350 1417 463 1458 hanc
483 1412 752 1470 provinciam
772 1411 990 1453 obeundas
1010 1415 1247 1453 censeatur.

274 1476 361 1517 130.
395 1472 635 1516 Statuimus
656 1476 700 1513 et
727 1469 976 1512 ordinamus
1003 1474 1054 1510 ut
1087 1469 1161 1512 SS.
1196 1469 1439 1512 Concilium
1459 1469 1765 1513 Tridentinum

214 1535 262 1576 in
311 1531 581 1576 Dioecesibus
630 1528 833 1575 Midensi,
882 1527 1307 1570 Cluanmacnosiensi
1357 1533 1400 1570 et
1449 1529 1497 1570 in
1546 1529 1766 1571 Comitatu

213 1592 432 1640 Lovidiae,
456 1605 505 1631 ea
525 1587 767 1630 reverentia
787 1585 1044 1627 admittatur
1063 1600 1149 1641 qua
1168 1591 1390 1642 receptum
1420 1594 1485 1628 est
1509 1593 1609 1629 ante
1630 1603 1765 1630 annos

213 1650 434 1706 octoginta
454 1648 502 1689 in
522 1645 701 1701 reliquis
720 1643 988 1686 Dioecesibus
1007 1644 1254 1700 provinciae
1284 1644 1626 1696 Ardmachanae,
1654 1646 1765 1688 sicut

213 1724 290 1765 per
310 1711 557 1764 praesentes
583 1703 693 1745 illud
714 1702 788 1745 SS.
813 1701 1067 1753 Concilium,
1091 1703 1233 1758 quoad
1251 1707 1394 1744 totum
1414 1710 1459 1745 et
1478 1703 1575 1760 ejus
1604 1710 1761 1760 partes,

214 1765 495 1813 admittimus,
519 1761 832 1818 amplectimur,
854 1775 1123 1811 veneramur,
1158 1765 1202 1802 et
1236 1761 1470 1817 accipimus
1504 1762 1557 1804 de
1589 1777 1766 1804 assensu

213 1834 255 1867 et
281 1838 490 1866 consensu
523 1822 658 1863 tot-ius
688 1818 871 1861 Concilii
904 1818 1043 1860 nostri
1077 1824 1121 1860 et
1152 1818 1289 1874 ipsius
1320 1819 1452 1861 etiam
1484 1820 1690 1876 Episcopi
1720 1828 1764 1863 et

213 1883 319 1926 cleri
339 1880 549 1924 Midensis
579 1885 622 1921 et
651 1876 949 1919 Procuratoris
977 1876 1145 1919 Vicarii
1175 1876 1415 1933 Apostolici
1450 1877 1760 1921 Cluanmacno-

217 1940 368 1983 siensis
388 1945 432 1981 et
452 1937 647 1995 ejusdem
667 1935 844 1978 Decani.

275 2000 363 2040 14³.
395 1996 636 2039 Statuimus
648 1999 691 2036 et
703 1993 952 2035 ordinamus
964 1992 1080 2048 quod
1091 1992 1238 2035 nullus
1249 1994 1462 2050 parochus
1474 2010 1549 2037 seu
1565 1995 1760 2037 sacerdos

217 2056 444 2100 saecularis
465 2055 543 2096 sub
563 2067 700 2110 poena
720 2051 1174 2094 excommunicationis
1201 2053 1351 2108 exigat
1369 2051 1510 2095 ullum
1536 2058 1763 2109 quaestum

215 2116 301 2158 nisi
321 2120 473 2170 quater
493 2113 541 2153 in
561 2126 674 2153 anno
693 2110 741 2152 in
761 2109 918 2166 quibus
938 2109 991 2150 de
1012 2110 1320 2152 consuetudine
1351 2110 1490 2152 solent
1519 2111 1615 2153 fieri
1644 2111 1760 2154 obla-

213 2175 353 2216 tiones
371 2169 657 2229 pecuniariae.

276 2233 364 2274 150.
398 2229 638 2272 Statuimus
658 2230 701 2268 et
716 2225 963 2268 ordinamus
978 2225 1095 2280 quod
1108 2240 1197 2267 non
1208 2224 1372 2268 libatur
1386 2241 1498 2282 aqua
1513 2227 1758 2284 composita,

216 2306 290 2332 seu
309 2287 598 2336 Brandevine‚
629 2285 707 2327 sub
743 2284 814 2326 dio
849 2283 897 2325 in
930 2283 1223 2325 contractibus
1255 2284 1647 2327 matrimonialibus
1682 2286 1762 2328 sub

214 2362 353 2405 poena
385 2341 884 2393 Excommunicationis3
927 2345 971 2383 et
1003 2341 1081 2383 sub
1116 2341 1313 2398 ejusdem
1345 2357 1483 2399 poena
1513 2343 1760 2386 inhibemus

214 2413 263 2448 ut
298 2406 346 2447 in
377 2403 571 2458 exequiis
606 2400 910 2442 defunctorum
943 2414 1033 2441 non
1067 2399 1337 2442 adducantur
1367 2405 1443 2442 aut
1474 2401 1765 2443 admittantur

214 2464 425 2512 tibicines,
462 2476 551 2503 non
582 2459 796 2501 ducantur
831 2457 1010 2499 choreae
1041 2462 1117 2499 aut
1147 2457 1340 2514 tripudia
1370 2473 1459 2500 non
1497 2459 1606 2501 fiant
1644 2459 1760 2502 ullae

217 2519 553 2577 compotationes
571 2516 658 2559 nisi
675 2519 850 2573 peracta
870 2514 1103 2571 sepultura,
1125 2515 1204 2557 sub
1224 2516 1374 2557 eadem
1401 2531 1552 2572 poena.
1613 2516 1758 2574 Roga-

215 2596 311 2621 mus
350 2579 456 2620 item
495 2582 539 2618 et
577 2573 866 2631 praecipimus
905 2572 1021 2628 quod
1059 2588 1207 2615 omnes
1254 2573 1546 2617 Ecclesiastici
1587 2581 1760 2618 strenue

215 2637 410 2679 laborent
430 2635 478 2676 in
497 2631 784 2689 impediendis
803 2630 1060 2672 clamoribus
1080 2636 1124 2673 et
1142 2630 1380 2674 ululatibus
1400 2647 1509 2688 quae
1535 2633 1760 2690 prophano

215 2696 341 2737 modo
362 2693 501 2735 adhuc
521 2692 569 2733 in
587 2705 670 2732 usu
691 2694 792 2731 sunt
810 2689 858 2730 in
879 2688 1122 2745 sepult-uris.

275 2754 362 2794 160.
396 2749 636 2793 Statuimus
655 2747 770 2803 quod
789 2746 937 2788 nullus
956 2745 1177 2789 Parochus
1201 2746 1352 2803 exigat
1371 2763 1527 2804 aquam
1547 2749 1663 2792 vitae
1684 2757 1759 2791 aut

215 2811 349 2853 alium
368 2809 581 2864 liquorem
600 2806 648 2847 in
668 2804 1040 2848 administratione
1061 2812 1435 2848 sacramentorum.
