1887 3188
206 75 263 116 26
732 91 914 120 mocEsn
945 93 999 120 or
1029 92 1234 123 ARDAGH.

297 191 366 233 On
387 192 462 234 the
484 193 562 235 5th
585 193 696 244 Oct„
720 194 846 246 1637,
870 194 946 237 the
975 194 1190 251 Emperor
1220 195 1472 237 Ferdinand
1493 199 1625 237 wrote
1646 193 1761 234 from

207 248 420 292 Ratisbon
452 257 497 293 to
529 252 605 294 the
639 252 769 308 Pope,
808 255 1162 310 recommending
1192 253 1263 295 for
1298 254 1374 296 the
1413 258 1569 295 vacant
1600 252 1679 294 See
1715 250 1761 292 of

205 307 403 364 Ardagh.
427 309 608 351 Francis
640 309 823 361 Ferrall,
847 325 872 352 a
906 311 944 353 F
946 312 1169 354 ranciscan
1204 312 1251 353 of
1285 311 1361 354 the
1396 312 1567 353 stricter
1587 311 1758 352 observ—

205 380 324 415 ance,
352 367 448 409 who
469 368 556 409 had
591 369 700 411 been
720 383 746 410 a
777 368 1003 412 Professor
1035 370 1083 411 in
1110 368 1553 426 Prague.—Moran's
1586 369 1759 422 sz'eele-

201 426 326 477 qiam,
349 440 460 481 page
481 427 579 468 227.

293 509 383 552 The
404 510 630 568 following
650 512 688 554 is
709 527 733 554 a
754 528 864 569 copy
885 512 932 555 of
951 513 1026 556 the
1046 513 1176 556 letter
1190 529 1261 556 :--

203 624 356 667 Letter
389 626 435 668 of
466 627 541 669 the
573 628 785 684 Emperor
817 628 1068 671 Ferdinand
1089 634 1133 671 to
1153 629 1230 672 the
1250 628 1380 686 Pope,
1404 628 1758 683 recommending

291 684 328 783 JJF
321 685 445 784 5371?
448 685 588 728 rancis
628 686 666 728 F
669 686 794 738 erral,
836 687 907 729 for
946 688 1022 729 the
1064 688 1143 730 See
1193 687 1240 730 of
1278 687 1479 744 Ardagh‚
1523 687 1602 728 5th
1645 686 1755 735 Oct„

198 856 321 900 Bme.
344 858 391 899 in
411 858 501 901 Xto
521 859 665 911 Pater,
688 865 769 903 etc.

376 916 482 959 Post
501 918 867 971 officiosissimam,
890 921 970 962 etc.

288 1000 503 1044 Hibernia
522 1003 688 1054 Insula,
710 1019 807 1060 quae
826 1004 874 1046 in
896 1004 1066 1047 Oceano
1093 1004 1153 1047 sic
1174 1004 1599 1047 circumlatrantibus
1627 1003 1755 1045 falso-

202 1074 300 1101 rum
321 1060 573 1116 dogmatum
593 1063 799 1104 monstris
818 1063 921 1105 hinc
942 1063 1045 1105 inde
1066 1063 1221 1113 cincta,
1239 1063 1379 1105 divini
1399 1068 1547 1105 tamen
1577 1062 1756 1104 luminis

202 1118 449 1173 adspirante
470 1134 585 1171 aura,
601 1135 714 1162 verae
735 1126 824 1176 atq.
848 1121 1099 1163 orthodoxae
1119 1121 1364 1177 Religionis
1379 1121 1546 1163 cultum
1561 1125 1753 1176 utcumq.

200 1182 438 1227 conservat,
462 1192 511 1219 eo
540 1178 767 1234 peritiores
782 1179 1124 1235 vigilantioresq.
1153 1179 1382 1221 Sacrorum
1400 1179 1637 1221 Antistites
1657 1194 1752 1234 pos-

201 1234 326 1284 tulat,
377 1249 462 1290 quo
511 1236 796 1294 propinquior
835 1237 956 1279 tabes
990 1237 1247 1293 praesentius
1291 1238 1484 1279 minatur
1518 1237 1752 1292 intentatq.

200 1291 454 1346 periculum.
519 1296 629 1338 Cum
660 1297 765 1351 itaq.
798 1295 923 1337 nobis
945 1295 1247 1352 complurium,
1271 1311 1378 1352 quos
1399 1296 1453 1338 ob
1487 1295 1754 1352 singularem

200 1350 343 1401 fidem,
367 1355 456 1406 ‘d‘ssq-
480 1352 797 1398 observantiam
817 1353 865 1395 in
884 1368 963 1395 nos
988 1369 1120 1405 suam,
1142 1353 1335 1411 peculari
1356 1354 1509 1411 gratiae
1530 1369 1579 1396 ac
1600 1353 1752 1409 digna-

199 1408 331 1450 tionis
351 1424 453 1451 nrae.

291 1466 495 1509 Caesareae
510 1466 658 1509 favore
673 1469 987 1525 prosequimur,
1000 1469 1222 1512 luculenta
1236 1470 1541 1527 praedicatione
1556 1469 1757 1511 laudatus

201 1524 258 1565 sit
277 1524 454 1575 Doctus,
478 1526 670 1575 devotus,
692 1527 817 1569 nobis
833 1528 1028 1576 dilectus,
1043 1528 1116 1570 Fr.
1135 1528 1392 1571 Franciscus
1407 1527 1573 1575 Ferral,
1593 1527 1753 1568 Hiber-

201 1598 284 1623 nus
303 1582 405 1624 fam.
429 1583 710 1626 franciscanae
732 1585 958 1627 strictioris
988 1587 1076 1628 obs.
1109 1586 1358 1643 Religiosus
1389 1601 1487 1628 cum
1508 1586 1561 1628 ab
1583 1585 1754 1641 antiqui

201 1647 244 1682 et
276 1641 484 1697 praecipui
520 1642 567 1683 in
599 1641 819 1685 Hibernia
855 1645 1027 1700 generis
1058 1644 1329 1696 claritudine,
1361 1650 1456 1686 tum
1487 1659 1512 1686 a
1532 1644 1754 1700 castigatae

199 1699 315 1749 vitae,
337 1714 536 1755 morunq,
558 1701 787 1755 probitate,
810 1707 904 1743 tum
925 1703 980 1745 ab
1010 1708 1161 1745 exacta
1190 1719 1335 1745 rerum
1365 1703 1626 1753 divinarum,
1650 1702 1752 1743 alia-

200 1772 340 1812 rumq.
363 1757 608 1799 liberalium
634 1759 962 1815 disciplinarum
992 1761 1253 1817 cognitione,
1283 1776 1331 1803 ac
1353 1761 1559 1803 scientia:
1592 1760 1754 1816 quippe

200 1829 307 1870 quas
341 1828 429 1856 non
463 1815 601 1857 solum
633 1817 680 1858 in
715 1818 897 1860 diversis
933 1819 999 1860 sui
1033 1820 1228 1861 instituti
1267 1819 1557 1869 Monasteriis,
1593 1819 1667 1860 sed
1707 1819 1755 1859 in

200 1878 347 1914 nostra
368 1888 538 1929 quoque
559 1874 781 1917 Bohemiae
802 1876 1036 1932 Metropoli
1057 1877 1231 1933 Prague
1260 1877 1308 1919 in
1330 1877 1523 1933 Collegio
1546 1876 1750 1918 Oardina·

199 1930 295 1972 litio
331 1932 623 1987 vulgaricum
655 1934 849 1975 omnium
881 1935 1106 1977 doctorum
1134 1935 1357 1992 applausu,
1395 1941 1438 1977 et
1469 1935 1753 1977 admiratione

200 1989 372 2045 publice
413 1990 618 2041 docuerit,
654 1996 697 2033 et
732 1992 894 2043 doceat,
938 2008 1028 2049 eaq.
1063 1994 1231 2035 dederit
1260 1994 1422 2050 ubique
1461 1993 1750 2048 indegfitatis,

198 2047 452 2103 prudentiae,
502 2063 551 2089 ac
590 2048 768 2091 Virtutis
808 2051 1055 2106 specimina,
1106 2057 1156 2093 ut
1196 2052 1251 2093 ad
1299 2057 1525 2094 vacantem
1573 2052 1752 2107 Eptum.

200 2105 497 2161 Ardaghaden
517 2107 696 2149 tertium
716 2108 809 2164 jam
844 2110 1144 2151 communibus
1179 2116 1222 2151 et
1257 2110 1362 2152 cleri
1396 2115 1439 2152 et
1468 2109 1619 2166 populi
1640 2109 1753 2150 votis

196 2164 439 2218 postulatus
468 2164 535 2206 sit.
598 2165 767 2208 Idcirco
797 2166 889 2208 Nos
919 2182 980 2218 eo,
1003 2183 1088 2223 quo
1109 2183 1202 2209 rem
1218 2167 1475 2210 catholicam
1496 2173 1678 2215 auctam,
1711 2171 1754 2207 et

198 2221 413 2263 laboranti
445 2222 492 2263 in
527 2222 743 2265 Hibernia
778 2224 981 2281 religioni
1013 2226 1236 2268 catholicae
1276 2226 1522 2268 consultum
1551 2224 1753 2280 inprimis

200 2279 409 2335 cupimus,
434 2281 575 2322 studio
609 2282 819 2333 eumdem,
856 2283 1088 2325 Sanctitati
1118 2284 1233 2326 Vrae.
1256 2283 1478 2325 meliorem
1507 2283 1554 2324 in
1576 2283 1752 2324 modum

200 2338 547 2379 commendatum
576 2338 776 2381 lubentes
821 2342 1107 2397 suscepimus:
1138 2342 1192 2383 ab
1214 2342 1374 2392 eadem,
1406 2356 1485 2397 pro
1507 2341 1632 2382 solita
1652 2355 1748 2382 nos-

201 2400 270 2436 tra
289 2395 413 2437 filiali
434 2397 718 2446 observantia,
742 2413 789 2440 ac
809 2398 968 2441 fiducia
984 2406 1243 2450 reverenter,
1258 2405 1346 2455 atq.
1365 2399 1524 2441 obnixe
1538 2404 1748 2454 petentes,

201 2453 268 2493 uti
297 2459 581 2495 memoratum
613 2454 886 2511 Religiosum
920 2457 975 2498 fr.
1021 2457 1303 2500 Franciscum
1346 2457 1501 2499 Ferral
1534 2457 1734 2512 supradm·

199 2510 376 2566 Eptum.

287 2568 602 2612 Ardachadem.
639 2571 709 2613 vel
748 2571 1052 2627 praeclararum
1093 2572 1189 2628 ejus
1228 2572 1444 2615 virtutum
1485 2577 1528 2614 et
1568 2573 1622 2614 ab
1655 2573 1751 2629 ejus

201 2625 284 2667 loci
325 2626 449 2669 Clero
480 2632 524 2669 et
562 2629 721 2683 populo
756 2630 884 2672 toties
922 2630 1226 2686 postulationis
1264 2631 1441 2681 intuitu,
1484 2630 1554 2672 vel
1593 2638 1752 2673 nostrae

202 2684 332 2724 etiam
352 2686 733 2728 commendationis
762 2687 897 2744 hujus
919 2688 1126 2743 suffragio
1158 2703 1409 2744 promovere
1428 2688 1617 2744 benigne
1644 2689 1752 2730 velit

201 2741 371 2782 factura
410 2758 497 2784 non
539 2744 673 2785 solum
716 2760 807 2785 rem
842 2746 979 2788 Nobis
1020 2750 1203 2802 gratam,
1244 2746 1317 2788 sed
1352 2746 1416 2788 rei
1456 2761 1583 2802 quoq.
1623 2746 1749 2788 Xnae.

202 2799 466 2851 confidimus,
499 2801 652 2843 utilem
687 2817 735 2843 ac
769 2802 1047 2845 fructuosam.
1111 2803 1324 2845 Caeterum
1361 2819 1573 2846 summam
1604 2820 1750 2860 preca·
