1887 3188
220 110 308 153 140
759 126 940 154 DiooESE
971 126 1025 154 OF
1056 125 1246 154 ARDAGH

310 227 494 284 Ardagh
514 243 615 284 may
634 228 689 270 be
708 228 849 285 justly
869 227 1009 284 proud
1030 225 1076 269 of
1096 227 1171 269 the
1192 226 1419 283 following
1438 226 1566 269 noble

221 296 544 340 DECLARATION
576 314 630 341 OF
657 314 750 341 THE
785 300 1106 342 ARCHBISHOPS
1138 312 1232 339 AND
1263 298 1461 340 B1sH0Ps
1495 311 1587 339 ΛΝΒ
1619 310 1770 338 OTHER

338 355 534 408 Cmmzcv,
569 371 825 399 AssEMBLED
866 372 921 398 AT
961 357 1255 407 JAMESTOWN,
1294 369 1418 397 NEAR
1460 354 1768 398 CARRICK-ON-

341 414 577 466 SHANNON,
601 415 674 458 Co.
697 414 915 465 LEITRIM,
939 429 995 456 ON
1022 428 1114 455 THE
1137 415 1256 456 lfa-m
1278 428 1332 455 oF
1353 412 1556 464 AUGUST,
1582 413 1709 455 1650.

665 486 815 540 (From
835 486 910 528 the
930 484 1165 527 Rinuccini
1186 484 1331 541 MSS.)

358 543 557 585 eclaratio
576 543 1024 600 Archiepiscoporum,
1042 543 1353 599 Episcoporum
1374 547 1417 585 et
1437 542 1620 584 aliorum
1640 542 1772 584 Prae-

222 598 411 642 latorum
451 607 494 643 et
534 602 819 658 dignitarium
860 601 1088 643 saecularis
1129 606 1171 643 et
1218 601 1431 657 regularis
1471 601 1588 643 Cleri
1627 600 1774 656 Regni

221 656 460 710 Hiberniae,
484 665 632 702 contra
652 660 1021 702 continuationem
1056 659 1200 714 regiae
1222 659 1499 701 authoritatis
1520 659 1568 700 in
1586 673 1771 714 persona

222 715 488 759 Marcbionis
529 717 772 768 Ormoniae,
809 717 1014 773 Proregis
1054 717 1181 773 regni
1217 717 1468 769 Hiberniae,
1510 717 1564 759 ob
1604 716 1769 758 malum

219 774 492 817 subditorum
513 775 773 832 gubernium
793 775 1114 817 infortunatum
1134 775 1247 831 regii
1278 775 1494 817 exercitus
1516 775 1707 825 ductum,
1732 779 1775 816 et

223 831 500 875 violationem
520 834 800 875 articulorum
832 833 960 889 pacis,
995 833 1112 875 facta
1143 833 1191 874 in
1223 833 1380 889 oppido
1415 832 1772 889 Jacobopolitano

225 889 273 931 in
295 890 519 932 Conventu
542 891 749 933 Fratrum
769 891 1004 942 Minorum,
1029 891 1111 933 12Ο
1133 890 1340 947 Augusti,
1365 891 1490 933 1650.

313 948 559 991 Catholicus
580 949 822 991 Hiberniae
841 949 1025 1005 populus
1053 964 1165 991 anno
1199 949 1349 991 salutis
1371 949 1482 990 1641
1506 948 1680 991 omnino
1697 948 1774 990 ad-

226 1005 381 1047 ductus
401 1012 465 1048 est
492 1008 546 1048 ad
578 1022 697 1049 arma
717 1007 988 1063 suscipienda
1007 1022 1085 1063 pro
1108 1007 1356 1049 Catholicae
1376 1007 1635 1063 Religionis,
1658 1007 1776 1049 vitae

223 1069 271 1105 et
289 1063 431 1119 justae
450 1065 664 1107 libertatis
680 1081 780 1107 suae
796 1065 1069 1116 defensione;
1092 1065 1435 1107 Parliamentum
1451 1065 1568 1107 enim
1588 1064 1780 1120 Angliae

228 1126 437 1163 statuerat
457 1128 500 1164 et
521 1123 768 1165 decreverat
789 1123 1057 1165 Catholicam
1077 1128 1181 1166 tunc
1202 1124 1249 1165 in
1281 1123 1497 1165 Hibernia
1517 1123 1778 1179 religionem

230 1179 486 1235 extinguere
510 1185 554 1222 et
586 1186 762 1236 gentem
793 1181 932 1238 ipsam
972 1181 1173 1223 funditus
1213 1186 1417 1232 evertere,
1452 1182 1693 1237 conscripto
1725 1180 1781 1222 ad

228 1238 415 1279 crudelis
455 1238 521 1280 sui
559 1238 678 1281 illius
710 1240 873 1282 decreti
903 1244 946 1281 et
980 1239 1236 1282 intentionis
1276 1239 1573 1282 executionem
1612 1238 1782 1295 potenti

228 1301 273 1336 et
321 1310 548 1338 numeroso
602 1297 823 1340 exercitu:
881 1302 1029 1354 postea
1084 1297 1200 1340 idem
1250 1297 1498 1340 Catholicus
1542 1297 1782 1340 Hiberniae

229 1353 413 1409 populus
434 1355 503 1396 die
537 1354 619 1397 170
656 1355 857 1397 Januarii
890 1371 1003 1398 anno
1026 1356 1138 1397 1649
1175 1355 1306 1398 inivit
1340 1361 1384 1398 et
1417 1355 1601 1398 sancivit
1631 1370 1782 1412 pacem

228 1426 330 1453 cum
368 1412 744 1456 Excellentissimo
784 1414 838 1456 D.
876 1414 905 1456 J
908 1415 1037 1456 acobo
1073 1414 1327 1457 Marchione
1371 1414 1616 1465 Ormoniae,
1659 1413 1780 1456 Sere-

232 1469 400 1511 nissimi
439 1470 588 1526 Regis,
639 1472 710 1514 vel
759 1477 875 1514 certe
925 1471 1123 1528 Reginae
1173 1477 1217 1514 et
1247 1472 1521 1515 Serenissimi
1562 1470 1782 1527 Principis

233 1525 433 1578 Walliae,
456 1530 531 1584 qui
550 1545 666 1571 nunc
688 1535 752 1572 est
773 1530 950 1572 Carolus
972 1530 1194 1573 Secundus
1215 1530 1328 1581 Rex,
1350 1530 1641 1573 commissario
1664 1545 1674 1581 ;
1697 1544 1783 1585 quo

231 1584 348 1627 facto
371 1586 583 1629 Catholici
603 1588 841 1630 Hiberniae
867 1589 1069 1631 universo
1090 1589 1185 1631 orbi
1219 1593 1368 1631 notam
1388 1593 1432 1631 et
1453 1589 1623 1630 abunde
1643 1587 1782 1629 mani-

229 1642 388 1685 festam
407 1644 605 1687 fecerunt
621 1646 831 1689 sinceram
853 1662 973 1689 suam
995 1662 1099 1703 erga
1114 1647 1280 1704 regiam
1315 1647 1625 1689 authoritatem
1644 1645 1782 1688 fideli-

236 1706 383 1744 tatem.

322 1760 449 1802 Hanc
479 1777 606 1817 porro
626 1778 775 1818 pacem
797 1778 871 1805 seu
883 1763 1226 1820 pacificationem
1245 1767 1350 1806 tunc
1365 1762 1573 1820 temporis
1592 1761 1787 1805 inierunt

231 1823 278 1859 et
299 1819 486 1874 amplexi
508 1824 608 1861 sunt
639 1820 942 1863 Confoederati
972 1821 1186 1865 Catholici
1220 1837 1318 1865 cum
1350 1820 1657 1864 serenissimus
1687 1819 1787 1862 Rex

235 1877 288 1917 ab
328 1876 520 1932 Angliae
554 1878 923 1921 Parliamentariis
965 1895 1134 1922 carcere
1183 1879 1352 1922 clausus
1391 1884 1640 1930 teneretur3
1686 1893 1786 1921 cum

237 1949 316 1976 nec
365 1934 452 1985 ille,
503 1951 582 1978 neo
627 1936 800 1993 Regina
849 1954 928 1980 nec
979 1938 1288 1980 Serenissimus
1348 1937 1539 1980 Walliae
1574 1936 1785 1992 Princeps

234 1991 354 2033 illius
403 1999 513 2035 esset
557 1995 816 2038 conditionis
861 2001 936 2038 aut
975 1996 1201 2052 potestatis
1250 1999 1301 2038 ut
1353 1995 1402 2038 in
1454 1994 1788 2038 Confoederatos

236 2050 474 2106 quidquam
523 2052 704 2094 subsidii
767 2058 843 2095 aut
907 2054 1078 2096 auxillii
1132 2053 1328 2096 conferre
1382 2058 1458 2096 aut
1513 2052 1788 2109 suppeditare

236 2114 436 2163 possent3
481 2124 664 2166 cumque
708 2117 930 2168 praeterea
973 2113 1106 2155 iidem
1141 2111 1356 2154 Catholici
1394 2111 1523 2154 facile
1558 2111 1787 2153 convenire

234 2172 281 2207 et
310 2167 550 2223 transigere
570 2175 745 2225 possent
765 2185 864 2212 cum
898 2171 1175 2212 Parlamento
1196 2169 1398 2227 Angliae,
1421 2184 1554 2225 aeque
1574 2169 1699 2211 bonis
1717 2167 1788 2210 vel

235 2224 484 2267 melioribus
518 2242 566 2268 ac
598 2227 901 2284 pinguioribus
932 2228 1290 2271 conventionibus
1321 2243 1400 2284 pro
1432 2227 1656 2283 religione,
1678 2226 1783 2277 vita,

239 2281 452 2334 libertate,
474 2284 599 2326 bonis
619 2300 668 2327 ac
703 2286 831 2328 terris
864 2287 952 2328 suis
972 2302 1102 2342 quam
1136 2302 1214 2343 per
1248 2286 1409 2328 dictam
1442 2300 1593 2342 pacem
1622 2285 1790 2327 fuerint

237 2340 439 2383 obtentae
459 2342 530 2384 vel
550 2358 784 2394 concessae,
808 2349 851 2386 et
872 2345 934 2386 ita
956 2361 999 2386 se
1021 2345 1074 2386 ab
1094 2344 1212 2386 omni
1231 2344 1423 2401 periculo
1444 2343 1550 2385 belli
1570 2347 1614 2385 et
1633 2347 1786 2399 poten-

237 2397 324 2440 tiae
359 2399 629 2455 Anglicanae
664 2402 886 2444 invasione
914 2402 1042 2444 facile
1077 2402 1273 2453 liberare,
1307 2417 1407 2445 cum
1441 2402 1581 2443 adhuc
1627 2406 1787 2451 tamen,

240 2470 328 2497 non
359 2457 556 2500 obstante
589 2474 665 2501 sua
696 2459 772 2501 illa
805 2475 904 2502 cum
941 2460 1222 2503 Serenissimo
1253 2459 1378 2516 Rege
1398 2474 1502 2516 pace
1522 2459 1652 2510 facta,
1674 2473 1786 2515 pug-

239 2515 431 2556 nandum
451 2515 539 2557 illis
559 2523 669 2559 esset
688 2523 838 2560 contra
858 2534 955 2560 suos
975 2523 1018 2560 et
1054 2518 1190 2574 Regis
1224 2517 1272 2559 in
1304 2518 1443 2560 tribus
1463 2517 1611 2574 regnis
1630 2517 1786 2567 hostes,

241 2573 356 2626 quod
376 2577 525 2615 utrum
543 2589 632 2616 non
652 2575 709 2617 sit
729 2576 904 2618 evidens
925 2581 968 2618 et
988 2576 1154 2618 clarum
1172 2575 1348 2618 illorum
1379 2575 1427 2618 in
1461 2575 1631 2632 Regem
1650 2574 1788 2617 fideli-

243 2630 346 2671 tatis
366 2637 672 2686 argumentum
690 2633 858 2690 judicet
878 2635 994 2676 orbis
1012 2634 1251 2676 universus.

331 2687 444 2731 Pace
463 2689 580 2732 hunc
600 2690 645 2732 in
670 2692 846 2733 modum
880 2697 1031 2734 contra
1066 2690 1371 2734 Confoederati
1391 2690 1606 2734 Catholici
1626 2690 1791 2733 sincere

243 2749 288 2785 et
308 2745 507 2788 alacriter
542 2748 833 2791 submiserunt
866 2765 909 2792 se
941 2750 1086 2806 regiae
1117 2749 1373 2791 authoritati
1403 2749 1451 2791 in
1484 2763 1667 2806 persona
1686 2748 1792 2790 dicti

245 2802 510 2846 Marchionis
531 2805 774 2857 Ormoniae,
808 2807 1048 2850 Hiberniae
1078 2807 1295 2864 Proregis,
1328 2812 1371 2850 et
1406 2806 1792 2850 subministrarunt

244 2859 311 2901 illi
332 2876 540 2904 summam
572 2864 778 2919 pecuniae
809 2865 896 2906 vim
936 2865 1159 2920 (nimirum
1190 2881 1300 2922 pene
1331 2865 1522 2907 medium
1552 2864 1792 2906 millioncm
