1887 3188
678 128 1076 157 Lios-ARD-ABHLA.
1592 119 1646 160 35

104 227 159 270 fr.
183 228 340 270 Petrus
360 228 589 271 Valesius
577 245 624 270 m
647 229 816 271 insidiis
845 230 1055 286 ponendis
1084 236 1328 286 perseverat
1357 238 1485 287 prout
1514 232 1643 274 latius

107 287 258 342 scripsi
277 287 360 328 Dno
365 287 636 329 Baldeschi.
694 287 881 329 Interim
902 288 1079 329 elevatis
1100 288 1234 330 oculis
1255 295 1298 330 et
1319 290 1501 345 genibus
1521 290 1646 332 flexis

105 343 184 385 floi
187 345 427 386 entissimos
448 350 490 387 et
511 345 773 387 diutissimos
794 361 927 388 annos
948 352 1138 402 exoptat,

626 403 755 445 Emae·
786 403 885 445 Vrae

742 461 915 503 Humus
937 476 1095 511 servus,

935 518 1160 570 Patritius,
1183 519 1263 575 Ep.
1286 520 1586 563 Ardachaden.

103 602 315 654 Dublinii‚
341 605 394 644 16
417 604 580 654 Martii,
605 603 731 654 1668,
756 604 867 660 stylo
889 604 1025 646 veteri

397 662 457 717 (id
478 667 553 713 est,
579 662 726 718 1669).

179 787 312 829 From
330 788 440 830 1669
460 794 502 830 to
520 789 632 831 1688
653 789 742 830 this
764 804 831 831 see
847 804 933 831 was
952 789 1090 830 under
1105 789 1270 831 Vicars.
1315 790 1402 831 Gei
1405 791 1483 832 ard
1503 791 1648 833 Ferall

99 847 438 959 §fglsyaffiilggigted
458 847 590 889 Vicar
602 847 824 904 Apostolic
845 847 904 903 by
917 847 991 889 the
1012 847 1311 903 Propaganda,
1334 863 1390 890 on
1410 849 1484 890 the
1506 850 1584 891 9th
1601 850 1645 891 of

128 1043 166 1085 9.
199 1043 350 1086 Letter
371 1044 417 1086 of
436 1045 510 1087 the
531 1045 907 1101 Vicar-Apostolic
928 1045 974 1087 of
993 1045 1189 1101 Ardagh‚
1213 1046 1322 1088 20th
1343 1046 1462 1099 Feb„
1488 1048 1614 1090 1677.

430 1158 582 1211 (From
602 1158 676 1200 the
696 1157 909 1200 Archives
929 1157 975 1199 of
995 1158 1314 1214 Propaganda.)

98 1254 398 1299 Illustrissime
418 1257 615 1308 Domine,
1115 1230 1230 1298 11
1240 1230 1293 1294 3
1300 1229 1352 1293 5
1359 1227 1412 1293 ss
1422 1222 1536 1292 28

185 1342 277 1385 Nos
309 1343 526 1385 Ger-ardus
565 1344 603 1385 F
606 1343 712 1385 erail
742 1343 825 1384 Dei
856 1347 898 1384 et
928 1342 1203 1399 Apostolicae
1235 1343 1346 1384 sedis
1377 1344 1518 1399 gratia
1548 1344 1644 1386 Vic.

98 1400 272 1442 APlicus
308 1401 499 1443 Diocesis
529 1401 884 1457 Ardaghadensis
923 1400 971 1442 in
1010 1400 1224 1442 Hibernia
1256 1401 1541 1457 percipientes
1571 1417 1643 1458 ap-

97 1459 386 1514 propinquare
403 1460 493 1501 dies
515 1460 746 1502 senectutis
766 1464 950 1508 nostrae,
968 1464 1010 1500 et
1022 1459 1329 1515 perspicientes
1345 1459 1523 1509 labores,
1540 1475 1646 1515 quos

98 1518 146 1557 in
168 1517 425 1559 stabiliendo
445 1532 607 1573 pacem,
631 1523 674 1559 et
694 1517 950 1559 charitatem
971 1521 1060 1557 tam
1081 1516 1197 1566 cleri,
1214 1532 1344 1572 quam
1360 1518 1509 1573 populi
1524 1519 1646 1560 nobis

97 1574 312 1616 commissi
353 1575 544 1630 quotidie
586 1576 871 1625 sustinemus;
914 1574 1159 1617 consultum
1189 1575 1391 1616 duximus
1421 1576 1646 1631 providere

96 1632 198 1674 huic
219 1638 366 1674 nostra
388 1633 570 1676 dioecesi
590 1634 642 1675 de
666 1634 760 1676 viro
790 1634 914 1683 bono,
938 1647 1066 1688 quem
1088 1633 1134 1674 in
1165 1633 1406 1674 antistitem
1426 1639 1643 1688 presenta-

96 1705 253 1732 remur.
319 1691 462 1738 Quare
497 1707 596 1734 cum
628 1692 821 1747 quotidie
843 1692 1063 1733 videamus
1082 1690 1228 1746 plures
1211 1691 1525 1733 sdissensiones
1540 1693 1644 1734 oriri

97 1754 186 1789 tam
207 1749 253 1790 in
275 1748 400 1799 clero,
416 1765 546 1805 quam
566 1750 613 1791 in
633 1750 792 1806 populo
813 1750 866 1791 ab
886 1749 1251 1791 introductionem
1272 1757 1575 1791 extraneorum
1588 1751 1642 1791 ad

96 1806 362 1862 praelaturas
402 1807 448 1849 in
478 1807 559 1849 1100
590 1823 736 1864 regno,
769 1813 819 1849 ut
848 1807 1007 1863 passim
1038 1822 1062 1848 a
1092 1806 1198 1848 viris
1238 1806 1550 1849 Ecclesiasticis
1590 1809 1644 1849 ad

98 1864 292 1906 tribunal
324 1865 617 1916 saecularium,
651 1870 693 1907 et
724 1865 1059 1908 acatholicomm
1088 1864 1165 1906 fiat
1195 1880 1392 1907 recursus
1431 1880 1518 1906 non
1555 1865 1645 1908 sine

96 1937 256 1978 magno
278 1923 478 1965 ecclesiae
492 1924 762 1975 detrimento,
779 1930 821 1965 et
834 1928 1096 1979 contemptu,
1111 1938 1189 1965 nec
1202 1938 1290 1964 non
1302 1923 1643 1965 adversariorum

97 1980 322 2032 scandalo,
313 1996 321 2005 ·
344 1982 459 2023 unde
474 1981 759 2024 necessarium
779 1982 994 2031 duximus,
1015 1996 1069 2022 ex
1082 1981 1246 2036 gremio
1257 1985 1428 2022 nostrae
1443 1981 1645 2023 dioecesis

96 2053 233 2079 unum
253 2045 526 2094 praesentare
546 2040 600 2081 ad
620 2055 728 2081 onus
747 2039 1001 2105 Episcopale
1021 2039 1154 2094 hujus
1179 2039 1382 2080 dioecesis
1412 2039 1488 2094 qui
1517 2039 1641 2081 incli-

96 2096 318 2138 nationem
334 2097 496 2153 populi,
515 2103 557 2139 et
573 2098 744 2139 vultum
765 2098 912 2154 gregis
927 2097 1099 2139 facilius
1115 2097 1353 2152 dignoscat.
1385 2096 1640 2138 Invenimus

96 2153 236 2219 igitur
271 2155 318 2196 in
348 2155 497 2197 ordine
528 2155 569 2197 S.
602 2156 822 2197 Dominici
851 2156 905 2197 R.
949 2154 998 2196 P.
1033 2154 1392 2210 Christophorum
1424 2154 1475 2195 O’
1479 2154 1517 2195 F
1520 2155 1641 2196 010111

96 2211 311 2266 originem
351 2213 523 2254 duxisse
574 2229 629 2255 ex
667 2213 842 2263 illustri,
884 2213 1075 2268 antiqua,
1119 2227 1369 2268 semperque
1419 2211 1641 2254 Catholica

96 2268 135 2310 F
138 2270 369 2312 eiailorum
409 2271 577 2312 familia
615 2271 749 2327 hujus
789 2271 993 2313 dioecesis
1023 2285 1131 2326 quae
1163 2285 1329 2325 sempei
1358 2269 1505 2310 floruit
1535 2270 1640 2312 viris

95 2327 309 2382 religiosis
329 2333 372 2369 et
392 2328 702 2371 Ecclesiasticis
723 2345 775 2371 ex
798 2330 954 2385 quibus
969 2329 1056 2370 fuit
1071 2328 1125 2370 R.
1144 2327 1193 2369 P.
1212 2328 1366 2368 Frater
1381 2327 1640 2369 Laurentius

96 2383 148 2426 O'
152 2385 189 2426 F
192 2386 297 2427 erail
317 2386 512 2443 ejusdem
533 2388 695 2428 ordinis
716 2393 758 2429 et
778 2387 981 2437 familiae,
1005 2386 1080 2441 qui
1100 2386 1147 2426 in
1167 2385 1332 2426 ultimis
1352 2385 1476 2426 bellis
1506 2385 1640 2442 hujus

96 2444 236 2509 regni,
258 2450 402 2499 partes
434 2444 535 2486 Illmi
562 2445 722 2488 Nuntii
751 2445 992 2501 Apostolici
1021 2444 1208 2486 fideliter
1237 2457 1382 2498 agens,
1404 2443 1458 2484 ab
1488 2443 1635 2485 adver-

96 2501 219 2542 sariis
240 2502 315 2543 diu
335 2502 611 2558 conquisitus,
633 2504 808 2545 tandem
836 2503 1139 2558 apprehensus
1161 2505 1205 2543 et
1233 2506 1330 2556 post
1360 2501 1551 2541 tliduum
1583 2502 1638 2542 ad

95 2559 339 2614 patibulum
379 2560 618 2611 damnatus,
660 2576 685 2602 a
723 2561 917 2616 patibulo
946 2559 1171 2616 pendulus,
1202 2565 1386 2614 utraque
1423 2573 1554 2600 manu
1584 2560 1637 2601 de

95 2617 387 2673 subscapulari
423 2619 639 2671 extractis,
673 2618 939 2661 Crucifixum
969 2623 1012 2660 et
1041 2616 1272 2659 Rosarium
1311 2631 1409 2657 cum
1448 2616 1636 2658 maxima

95 2674 245 2729 populi
266 2676 580 2718 admiratione
567 2692 614 2718 111
645 2677 818 2732 signum
840 2682 882 2718 et
912 2682 1116 2718 tessaram
1147 2674 1248 2715 fidei
1278 2679 1321 2715 et
1351 2674 1559 2729 passionis
1589 2675 1635 2716 in

96 2731 278 2774 sublime
297 2734 447 2775 erexit.
507 2734 551 2777 N
554 2750 600 2776 ec
620 2734 735 2776 hunc
756 2749 885 2789 quem
905 2733 1262 2782 commendamus,
1276 2732 1478 2787 ignarum
1494 2732 1637 2774 calicis

94 2789 298 2831 Domini
286 2791 547 2843 1nvenimus3
570 2792 673 2833 dum
690 2792 805 2833 enim
823 2807 845 2833 e
861 2791 943 2833 Be]
946 2792 1017 2847 gio
1031 2791 1084 2832 ad
1098 2791 1178 2832 hoc
1195 2804 1378 2844 regnum
1393 2790 1446 2830 ob
1462 2791 1636 2845 negotia

95 2847 209 2888 sedis
249 2848 523 2904 Apostolicae
563 2850 616 2891 ab
647 2849 753 2891 ΙΠΠΠΟ
785 2849 865 2890 Dno
895 2807 1159 2904 Rogspigliosi
1189 2854 1283 2888 tum
1313 2847 1460 2903 Belgii
1490 2847 1634 2889 Inter-
