<?xml version="1.0" encoding="UTF-8"?>
<!DOCTYPE html PUBLIC "-//W3C//DTD XHTML 1.0 Transitional//EN"
    "http://www.w3.org/TR/xhtml1/DTD/xhtml1-transitional.dtd">
<html xmlns="http://www.w3.org/1999/xhtml" xml:lang="en" lang="en">
 <head>
  <title>
</title>
<meta http-equiv="Content-Type" content="text/html;charset=utf-8" />
  <meta name='ocr-system' content='tesseract 3.04.00' />
  <meta name='ocr-capabilities' content='ocr_page ocr_carea ocr_par ocr_line ocrx_word'/>
</head>
<body>
  <div class='ocr_page' id='page_1' title='image "./recordsrelatingt00mona_0140.png"; bbox 0 0 1887 3188; ppageno 0'>
   <div class='ocr_carea' id='block_1_1' title="bbox 220 119 1240 164">
    <p class='ocr_par' dir='ltr' id='par_1_1' title="bbox 220 119 1240 164">
     <span class='ocr_line' id='line_1_1' title="bbox 220 119 1240 164; baseline 0.002 -3"><span class='ocrx_word' id='word_1_1' title='bbox 220 119 306 164; x_wconf 81' lang='lat'>120</span> <span class='ocrx_word' id='word_1_2' title='bbox 743 135 923 164; x_wconf 81' lang='lat' dir='ltr'>DIOCESE</span> <span class='ocrx_word' id='word_1_3' title='bbox 955 135 1008 163; x_wconf 73' lang='lat'><strong>01⁴¹</strong></span> <span class='ocrx_word' id='word_1_4' title='bbox 1039 135 1240 163; x_wconf 83' lang='lat' dir='ltr'>ARDAGH.</span> 
     </span>
    </p>
   </div>
   <div class='ocr_carea' id='block_1_2' title="bbox 218 236 1775 338">
    <p class='ocr_par' dir='ltr' id='par_1_2' title="bbox 218 236 1775 338">
     <span class='ocr_line' id='line_1_2' title="bbox 218 236 1775 338; baseline 0.001 -59"><span class='ocrx_word' id='word_1_5' title='bbox 218 294 285 338; x_wconf 74' lang='lat' dir='ltr'>Ch</span> <span class='ocrx_word' id='word_1_6' title='bbox 306 236 560 304; x_wconf 49' lang='lat' dir='ltr'>{Imnillimi</span> <span class='ocrx_word' id='word_1_7' title='bbox 605 236 977 294; x_wconf 79' lang='lat' dir='ltr'>obsequentissimi</span> <span class='ocrx_word' id='word_1_8' title='bbox 1022 237 1303 280; x_wconf 81' lang='lat' dir='ltr'>addictissimi</span> <span class='ocrx_word' id='word_1_9' title='bbox 1354 237 1466 279; x_wconf 88' lang='lat' dir='ltr'>servi</span> <span class='ocrx_word' id='word_1_10' title='bbox 1511 242 1554 279; x_wconf 94' lang='lat' dir='ltr'>et</span> <span class='ocrx_word' id='word_1_11' title='bbox 1589 237 1670 279; x_wconf 89' lang='lat' dir='ltr'>filii</span> <span class='ocrx_word' id='word_1_12' title='bbox 1712 238 1775 280; x_wconf 24' lang='lat' dir='ltr'>in*</span> 
     </span>
     <span class='ocr_line' id='line_1_3' title="bbox 288 301 406 338; baseline 0.008 -1"><span class='ocrx_word' id='word_1_13' title='bbox 288 301 406 338; x_wconf 84' lang='lat' dir='ltr'>r1sto.</span> 
     </span>
    </p>
   </div>
   <div class='ocr_carea' id='block_1_3' title="bbox 304 457 1713 804">
    <p class='ocr_par' dir='ltr' id='par_1_3' title="bbox 305 457 1120 515">
     <span class='ocr_line' id='line_1_4' title="bbox 305 457 1120 515; baseline 0.002 -17"><span class='ocrx_word' id='word_1_14' title='bbox 305 457 569 508; x_wconf 90' lang='lat' dir='ltr'>Dominicus,</span> <span class='ocrx_word' id='word_1_15' title='bbox 592 458 820 515; x_wconf 82' lang='lat' dir='ltr'>Archiepus</span> <span class='ocrx_word' id='word_1_16' title='bbox 839 458 1120 510; x_wconf 86' lang='lat' dir='ltr'>Armacanus,</span> 
     </span>
    </p>

    <p class='ocr_par' dir='ltr' id='par_1_4' title="bbox 305 514 1038 573">
     <span class='ocr_line' id='line_1_5' title="bbox 305 514 1038 573; baseline 0.004 -17"><span class='ocrx_word' id='word_1_17' title='bbox 305 514 506 567; x_wconf 79' lang='lat' dir='ltr'>Jacobus,</span> <span class='ocrx_word' id='word_1_18' title='bbox 527 516 756 573; x_wconf 83' lang='lat' dir='ltr'>Archiepus</span> <span class='ocrx_word' id='word_1_19' title='bbox 775 517 1038 559; x_wconf 88' lang='lat' dir='ltr'>Tuamensis.</span> 
     </span>
    </p>

    <p class='ocr_par' dir='ltr' id='par_1_5' title="bbox 305 573 1093 631">
     <span class='ocr_line' id='line_1_6' title="bbox 305 573 1093 631; baseline 0.003 -16"><span class='ocrx_word' id='word_1_20' title='bbox 305 573 570 625; x_wconf 85' lang='lat' dir='ltr'>Dominicus‚</span> <span class='ocrx_word' id='word_1_21' title='bbox 592 575 830 631; x_wconf 77' lang='lat' dir='ltr'>Episcopus</span> <span class='ocrx_word' id='word_1_22' title='bbox 849 575 1093 617; x_wconf 80' lang='lat' dir='ltr'>Elfinensis.</span> 
     </span>
    </p>

    <p class='ocr_par' dir='ltr' id='par_1_6' title="bbox 304 631 1713 747">
     <span class='ocr_line' id='line_1_7' title="bbox 304 631 1713 689; baseline 0.001 -16"><span class='ocrx_word' id='word_1_23' title='bbox 304 631 334 673; x_wconf 86' lang='lat' dir='ltr'>J</span> <span class='ocrx_word' id='word_1_24' title='bbox 336 646 507 683; x_wconf 89' lang='lat' dir='ltr'>oannes,</span> <span class='ocrx_word' id='word_1_25' title='bbox 529 632 844 689; x_wconf 85' lang='lat' dir='ltr'>Lymericensis</span> <span class='ocrx_word' id='word_1_26' title='bbox 863 633 1113 689; x_wconf 85' lang='lat' dir='ltr'>Episcopus,</span> <span class='ocrx_word' id='word_1_27' title='bbox 1135 632 1475 674; x_wconf 90' lang='lat' dir='ltr'>Administrator</span> <span class='ocrx_word' id='word_1_28' title='bbox 1495 632 1713 675; x_wconf 86' lang='lat' dir='ltr'>Laoensis.</span> 
     </span>
     <span class='ocr_line' id='line_1_8' title="bbox 306 689 1433 747; baseline 0.001 -16"><span class='ocrx_word' id='word_1_29' title='bbox 306 689 476 741; x_wconf 90' lang='lat' dir='ltr'>Petrus,</span> <span class='ocrx_word' id='word_1_30' title='bbox 499 690 795 746; x_wconf 82' lang='lat' dir='ltr'>Oorcagiensis</span> <span class='ocrx_word' id='word_1_31' title='bbox 812 696 854 733; x_wconf 89' lang='lat' dir='ltr'>et</span> <span class='ocrx_word' id='word_1_32' title='bbox 876 691 1153 747; x_wconf 84' lang='lat' dir='ltr'>Cloyenensis</span> <span class='ocrx_word' id='word_1_33' title='bbox 1183 691 1433 747; x_wconf 80' lang='lat' dir='ltr'>Episcopus.</span> 
     </span>
    </p>

    <p class='ocr_par' dir='ltr' id='par_1_7' title="bbox 307 746 1262 804">
     <span class='ocr_line' id='line_1_9' title="bbox 307 746 1262 804; baseline 0.002 -16"><span class='ocrx_word' id='word_1_34' title='bbox 307 746 556 804; x_wconf 80' lang='lat' dir='ltr'>Gregorius,</span> <span class='ocrx_word' id='word_1_35' title='bbox 578 749 815 804; x_wconf 89' lang='lat' dir='ltr'>Episcopus</span> <span class='ocrx_word' id='word_1_36' title='bbox 836 748 1262 791; x_wconf 81' lang='lat' dir='ltr'>Olunmacnosiensis.</span> 
     </span>
    </p>
   </div>
   <div class='ocr_carea' id='block_1_4' title="bbox 221 978 1776 1109">
    <p class='ocr_par' dir='ltr' id='par_1_8' title="bbox 221 978 1776 1109">
     <span class='ocr_line' id='line_1_10' title="bbox 221 978 1776 1037; baseline 0.003 -18"><span class='ocrx_word' id='word_1_37' title='bbox 221 978 290 1020; x_wconf 92' lang='grc'>11.</span> <span class='ocrx_word' id='word_1_38' title='bbox 321 978 472 1022; x_wconf 88' lang='lat' dir='ltr'>Letter</span> <span class='ocrx_word' id='word_1_39' title='bbox 492 979 538 1022; x_wconf 79' lang='lat' dir='ltr'>of</span> <span class='ocrx_word' id='word_1_40' title='bbox 557 980 675 1022; x_wconf 85' lang='lat' dir='ltr'>Irish</span> <span class='ocrx_word' id='word_1_41' title='bbox 694 980 882 1037; x_wconf 88' lang='lat' dir='ltr'>Bishops</span> <span class='ocrx_word' id='word_1_42' title='bbox 901 981 1016 1023; x_wconf 77' lang='lat' dir='ltr'>from</span> <span class='ocrx_word' id='word_1_43' title='bbox 1036 980 1174 1029; x_wconf 86' lang='lat' dir='ltr'>Paris,</span> <span class='ocrx_word' id='word_1_44' title='bbox 1197 980 1275 1022; x_wconf 76' lang='lat' dir='ltr'>Sth</span> <span class='ocrx_word' id='word_1_45' title='bbox 1291 981 1541 1031; x_wconf 88' lang='lat' dir='ltr'>Decem-ber,</span> <span class='ocrx_word' id='word_1_46' title='bbox 1567 980 1691 1031; x_wconf 72' lang='lat'>1692,</span> <span class='ocrx_word' id='word_1_47' title='bbox 1715 986 1776 1023; x_wconf 82' lang='lat' dir='ltr'>to·</span> 
     </span>
     <span class='ocr_line' id='line_1_11' title="bbox 633 1051 1341 1109; baseline 0.001 -16"><span class='ocrx_word' id='word_1_48' title='bbox 633 1051 708 1095; x_wconf 89' lang='lat' dir='ltr'>the</span> <span class='ocrx_word' id='word_1_49' title='bbox 729 1051 954 1109; x_wconf 87' lang='lat' dir='ltr'>Secretary</span> <span class='ocrx_word' id='word_1_50' title='bbox 975 1051 1021 1094; x_wconf 79' lang='lat' dir='ltr'>of</span> <span class='ocrx_word' id='word_1_51' title='bbox 1040 1052 1341 1109; x_wconf 85' lang='lat' dir='ltr'>Propaganda.</span> 
     </span>
    </p>
   </div>
   <div class='ocr_carea' id='block_1_5' title="bbox 626 1194 1339 1251">
    <p class='ocr_par' dir='ltr' id='par_1_9' title="bbox 626 1194 1339 1251">
     <span class='ocr_line' id='line_1_12' title="bbox 626 1194 1339 1251; baseline 0 -14"><span class='ocrx_word' id='word_1_52' title='bbox 626 1194 776 1251; x_wconf 84' lang='lat' dir='ltr'>(From</span> <span class='ocrx_word' id='word_1_53' title='bbox 796 1195 871 1238; x_wconf 85' lang='lat' dir='ltr'>the</span> <span class='ocrx_word' id='word_1_54' title='bbox 891 1195 1077 1237; x_wconf 89' lang='lat' dir='ltr'>Vatican</span> <span class='ocrx_word' id='word_1_55' title='bbox 1094 1195 1339 1251; x_wconf 81' lang='lat' dir='ltr'>Archives.)</span> 
     </span>
    </p>
   </div>
   <div class='ocr_carea' id='block_1_6' title="bbox 217 1336 1776 1481">
    <p class='ocr_par' dir='ltr' id='par_1_10' title="bbox 217 1336 1776 1481">
     <span class='ocr_line' id='line_1_13' title="bbox 217 1336 1776 1381; baseline 0.003 -4"><span class='ocrx_word' id='word_1_56' title='bbox 217 1336 515 1380; x_wconf 88' lang='lat' dir='ltr'>Illustrissime</span> <span class='ocrx_word' id='word_1_57' title='bbox 550 1343 593 1381; x_wconf 88' lang='lat' dir='ltr'>et</span> <span class='ocrx_word' id='word_1_58' title='bbox 626 1338 791 1381; x_wconf 85' lang='lat' dir='ltr'>Revme</span> <span class='ocrx_word' id='word_1_59' title='bbox 820 1339 919 1381; x_wconf 91' lang='lat' dir='ltr'>Dne</span> <span class='ocrx_word' id='word_1_60' title='bbox 953 1339 1172 1381; x_wconf 88' lang='lat' dir='ltr'>Patronne</span> <span class='ocrx_word' id='word_1_61' title='bbox 1217 1338 1527 1381; x_wconf 86' lang='lat' dir='ltr'>Colendissime</span> <span class='ocrx_word' id='word_1_62' title='bbox 1573 1339 1776 1381; x_wconf 88' lang='lat' dir='ltr'>Domine-</span> 
     </span>
     <span class='ocr_line' id='line_1_14' title="bbox 332 1421 1776 1481; baseline 0.001 -16"><span class='ocrx_word' id='word_1_63' title='bbox 332 1421 587 1466; x_wconf 86' lang='lat' dir='ltr'>Patriarcha</span> <span class='ocrx_word' id='word_1_64' title='bbox 608 1424 1093 1480; x_wconf 81' lang='lat' dir='ltr'>Constantinopolitane,</span> <span class='ocrx_word' id='word_1_65' title='bbox 1117 1424 1158 1467; x_wconf 83' lang='lat' dir='ltr'>S.</span> <span class='ocrx_word' id='word_1_66' title='bbox 1184 1424 1229 1467; x_wconf 82' lang='lat' dir='ltr'>O.</span> <span class='ocrx_word' id='word_1_67' title='bbox 1253 1425 1306 1467; x_wconf 92' lang='lat' dir='ltr'>de</span> <span class='ocrx_word' id='word_1_68' title='bbox 1340 1425 1629 1481; x_wconf 84' lang='lat' dir='ltr'>Propaganda</span> <span class='ocrx_word' id='word_1_69' title='bbox 1650 1425 1776 1467; x_wconf 83' lang='lat' dir='ltr'>Fide-</span> 
     </span>
    </p>
   </div>
   <div class='ocr_carea' id='block_1_7' title="bbox 250 1508 573 1558">
    <p class='ocr_par' dir='ltr' id='par_1_11' title="bbox 250 1508 573 1558">
     <span class='ocr_line' id='line_1_15' title="bbox 250 1508 573 1558; baseline 0.009 -9"><span class='ocrx_word' id='word_1_70' title='bbox 250 1553 255 1558; x_wconf 51' lang='lat'>,</span> <span class='ocrx_word' id='word_1_71' title='bbox 330 1523 356 1550; x_wconf 92' lang='lat' dir='ltr'>a</span> <span class='ocrx_word' id='word_1_72' title='bbox 376 1508 573 1552; x_wconf 83' lang='lat' dir='ltr'>Secretis.</span> 
     </span>
    </p>
   </div>
   <div class='ocr_carea' id='block_1_8' title="bbox 968 1609 1697 1660">
    <p class='ocr_par' dir='ltr' id='par_1_12' title="bbox 968 1609 1697 1660">
     <span class='ocr_line' id='line_1_16' title="bbox 968 1609 1697 1660; baseline 0.001 -10"><span class='ocrx_word' id='word_1_73' title='bbox 968 1609 1161 1659; x_wconf 88' lang='lat' dir='ltr'>Parisiis,</span> <span class='ocrx_word' id='word_1_74' title='bbox 1185 1609 1263 1651; x_wconf 85' lang='lat' dir='ltr'>8th</span> <span class='ocrx_word' id='word_1_75' title='bbox 1284 1609 1546 1660; x_wconf 81' lang='lat' dir='ltr'>Decembris,</span> <span class='ocrx_word' id='word_1_76' title='bbox 1572 1609 1697 1651; x_wconf 74' lang='lat'><strong>1692.</strong></span> 
     </span>
    </p>
   </div>
   <div class='ocr_carea' id='block_1_9' title="bbox 218 1693 1776 2908">
    <p class='ocr_par' dir='ltr' id='par_1_13' title="bbox 218 1693 1776 2734">
     <span class='ocr_line' id='line_1_17' title="bbox 392 1693 1761 1750; baseline 0.001 -15"><span class='ocrx_word' id='word_1_77' title='bbox 392 1694 463 1735; x_wconf 82' lang='lat' dir='ltr'>Ex</span> <span class='ocrx_word' id='word_1_78' title='bbox 498 1694 745 1750; x_wconf 89' lang='lat' dir='ltr'>campsoriis</span> <span class='ocrx_word' id='word_1_79' title='bbox 779 1693 937 1736; x_wconf 87' lang='lat' dir='ltr'>litteris</span> <span class='ocrx_word' id='word_1_80' title='bbox 972 1709 1078 1749; x_wconf 90' lang='lat' dir='ltr'>quas</span> <span class='ocrx_word' id='word_1_81' title='bbox 1098 1694 1167 1735; x_wconf 90' lang='lat' dir='ltr'>die</span> <span class='ocrx_word' id='word_1_82' title='bbox 1199 1693 1408 1749; x_wconf 83' lang='lat' dir='ltr'>vigesima</span> <span class='ocrx_word' id='word_1_83' title='bbox 1441 1694 1581 1749; x_wconf 85' lang='lat' dir='ltr'>prima</span> <span class='ocrx_word' id='word_1_84' title='bbox 1615 1694 1761 1737; x_wconf 79' lang='lat' dir='ltr'>ultimi</span> 
     </span>
     <span class='ocr_line' id='line_1_18' title="bbox 219 1750 1744 1802; baseline 0 -9"><span class='ocrx_word' id='word_1_85' title='bbox 219 1750 418 1793; x_wconf 79' lang='lat' dir='ltr'>Octobris</span> <span class='ocrx_word' id='word_1_86' title='bbox 438 1752 491 1794; x_wconf 85' lang='lat' dir='ltr'>ad</span> <span class='ocrx_word' id='word_1_87' title='bbox 511 1768 589 1794; x_wconf 91' lang='lat' dir='ltr'>nos</span> <span class='ocrx_word' id='word_1_88' title='bbox 608 1752 846 1794; x_wconf 79' lang='lat' dir='ltr'>transmisit</span> <span class='ocrx_word' id='word_1_89' title='bbox 866 1752 1114 1794; x_wconf 89' lang='lat' dir='ltr'>Dominatio</span> <span class='ocrx_word' id='word_1_90' title='bbox 1135 1752 1191 1793; x_wconf 88' lang='lat' dir='ltr'>V.</span> <span class='ocrx_word' id='word_1_91' title='bbox 1213 1752 1357 1802; x_wconf 87' lang='lat' dir='ltr'>Illma,</span> <span class='ocrx_word' id='word_1_92' title='bbox 1379 1767 1457 1794; x_wconf 91' lang='lat' dir='ltr'>nos</span> <span class='ocrx_word' id='word_1_93' title='bbox 1486 1752 1558 1794; x_wconf 89' lang='lat' dir='ltr'>hic</span> <span class='ocrx_word' id='word_1_94' title='bbox 1579 1752 1647 1794; x_wconf 93' lang='lat' dir='ltr'>die</span> <span class='ocrx_word' id='word_1_95' title='bbox 1668 1754 1744 1794; x_wconf 58' lang='lat'>24²2</span> 
     </span>
     <span class='ocr_line' id='line_1_19' title="bbox 218 1809 1761 1866; baseline 0.002 -16"><span class='ocrx_word' id='word_1_96' title='bbox 218 1809 379 1851; x_wconf 89' lang='lat' dir='ltr'>mensis</span> <span class='ocrx_word' id='word_1_97' title='bbox 413 1810 669 1852; x_wconf 83' lang='lat' dir='ltr'>Novembris</span> <span class='ocrx_word' id='word_1_98' title='bbox 700 1810 895 1866; x_wconf 81' lang='lat' dir='ltr'>proxime</span> <span class='ocrx_word' id='word_1_99' title='bbox 939 1810 1073 1865; x_wconf 88' lang='lat' dir='ltr'>elapsi</span> <span class='ocrx_word' id='word_1_100' title='bbox 1103 1810 1343 1865; x_wconf 85' lang='lat' dir='ltr'>accepimus</span> <span class='ocrx_word' id='word_1_101' title='bbox 1373 1815 1502 1865; x_wconf 87' lang='lat' dir='ltr'>atque</span> <span class='ocrx_word' id='word_1_102' title='bbox 1536 1810 1651 1852; x_wconf 82' lang='lat' dir='ltr'>inter</span> <span class='ocrx_word' id='word_1_103' title='bbox 1681 1826 1761 1853; x_wconf 87' lang='lat' dir='ltr'>nos</span> 
     </span>
     <span class='ocr_line' id='line_1_20' title="bbox 221 1867 1760 1924; baseline 0.001 -16"><span class='ocrx_word' id='word_1_104' title='bbox 221 1867 458 1923; x_wconf 89' lang='lat' dir='ltr'>aequaliter</span> <span class='ocrx_word' id='word_1_105' title='bbox 506 1868 658 1923; x_wconf 90' lang='lat' dir='ltr'>partiti</span> <span class='ocrx_word' id='word_1_106' title='bbox 704 1884 849 1910; x_wconf 89' lang='lat' dir='ltr'>sumus</span> <span class='ocrx_word' id='word_1_107' title='bbox 895 1868 1004 1909; x_wconf 92' lang='lat' dir='ltr'>illud</span> <span class='ocrx_word' id='word_1_108' title='bbox 1053 1874 1423 1924; x_wconf 89' lang='lat' dir='ltr'>peropportunum</span> <span class='ocrx_word' id='word_1_109' title='bbox 1469 1874 1760 1910; x_wconf 82' lang='lat' dir='ltr'>trecentorum</span> 
     </span>
     <span class='ocr_line' id='line_1_21' title="bbox 223 1926 1760 1983; baseline 0.001 -16"><span class='ocrx_word' id='word_1_110' title='bbox 223 1930 440 1967; x_wconf 88' lang='lat' dir='ltr'>scutorum</span> <span class='ocrx_word' id='word_1_111' title='bbox 480 1926 729 1976; x_wconf 87' lang='lat' dir='ltr'>subsidium,</span> <span class='ocrx_word' id='word_1_112' title='bbox 767 1926 881 1981; x_wconf 90' lang='lat' dir='ltr'>quod</span> <span class='ocrx_word' id='word_1_113' title='bbox 932 1926 1274 1967; x_wconf 85' lang='lat' dir='ltr'>Eminentissimi</span> <span class='ocrx_word' id='word_1_114' title='bbox 1306 1926 1360 1967; x_wconf 92' lang='lat' dir='ltr'>D.</span> <span class='ocrx_word' id='word_1_115' title='bbox 1395 1926 1449 1968; x_wconf 93' lang='lat' dir='ltr'>D.</span> <span class='ocrx_word' id='word_1_116' title='bbox 1487 1926 1530 1968; x_wconf 85' lang='lat' dir='ltr'>S.</span> <span class='ocrx_word' id='word_1_117' title='bbox 1570 1926 1760 1983; x_wconf 89' lang='lat' dir='ltr'>Congre-</span> 
     </span>
     <span class='ocr_line' id='line_1_22' title="bbox 225 1982 1755 2041; baseline 0.001 -17"><span class='ocrx_word' id='word_1_118' title='bbox 225 1983 412 2039; x_wconf 87' lang='lat' dir='ltr'>gationis</span> <span class='ocrx_word' id='word_1_119' title='bbox 433 1984 485 2025; x_wconf 92' lang='lat' dir='ltr'>de</span> <span class='ocrx_word' id='word_1_120' title='bbox 505 1984 791 2041; x_wconf 90' lang='lat' dir='ltr'>Propaganda</span> <span class='ocrx_word' id='word_1_121' title='bbox 821 1984 930 2026; x_wconf 86' lang='lat' dir='ltr'>Fide</span> <span class='ocrx_word' id='word_1_122' title='bbox 961 1984 1210 2026; x_wconf 84' lang='lat' dir='ltr'>Cardinales</span> <span class='ocrx_word' id='word_1_123' title='bbox 1230 1989 1448 2025; x_wconf 81' lang='lat' dir='ltr'>annuente</span> <span class='ocrx_word' id='word_1_124' title='bbox 1478 1982 1599 2025; x_wconf 81' lang='lat' dir='ltr'>Ssmo</span> <span class='ocrx_word' id='word_1_125' title='bbox 1620 1985 1676 2026; x_wconf 94' lang='lat' dir='ltr'>D.</span> <span class='ocrx_word' id='word_1_126' title='bbox 1699 1985 1755 2026; x_wconf 90' lang='lat' dir='ltr'>N.</span> 
     </span>
     <span class='ocr_line' id='line_1_23' title="bbox 220 2041 1775 2098; baseline 0.001 -15"><span class='ocrx_word' id='word_1_127' title='bbox 220 2041 344 2083; x_wconf 87' lang='lat' dir='ltr'>nobis</span> <span class='ocrx_word' id='word_1_128' title='bbox 378 2042 655 2084; x_wconf 90' lang='lat' dir='ltr'>tribuendum</span> <span class='ocrx_word' id='word_1_129' title='bbox 691 2047 961 2091; x_wconf 83' lang='lat' dir='ltr'>statuerunt3</span> <span class='ocrx_word' id='word_1_130' title='bbox 993 2047 1036 2084; x_wconf 92' lang='lat' dir='ltr'>et</span> <span class='ocrx_word' id='word_1_131' title='bbox 1068 2042 1215 2084; x_wconf 87' lang='lat' dir='ltr'>eadem</span> <span class='ocrx_word' id='word_1_132' title='bbox 1245 2042 1314 2083; x_wconf 91' lang='lat' dir='ltr'>die</span> <span class='ocrx_word' id='word_1_133' title='bbox 1347 2042 1610 2098; x_wconf 81' lang='lat' dir='ltr'>duplicatam</span> <span class='ocrx_word' id='word_1_134' title='bbox 1640 2042 1775 2085; x_wconf 87' lang='lat' dir='ltr'>illius</span> 
     </span>
     <span class='ocr_line' id='line_1_24' title="bbox 220 2099 1757 2157; baseline 0.001 -17"><span class='ocrx_word' id='word_1_135' title='bbox 220 2114 408 2141; x_wconf 89' lang='lat' dir='ltr'>summae</span> <span class='ocrx_word' id='word_1_136' title='bbox 439 2100 731 2157; x_wconf 82' lang='lat' dir='ltr'>syngrapham</span> <span class='ocrx_word' id='word_1_137' title='bbox 763 2101 902 2142; x_wconf 91' lang='lat' dir='ltr'>notris</span> <span class='ocrx_word' id='word_1_138' title='bbox 933 2100 1024 2142; x_wconf 75' lang='lat' dir='ltr'>fere</span> <span class='ocrx_word' id='word_1_139' title='bbox 1056 2100 1248 2142; x_wconf 90' lang='lat' dir='ltr'>omnium</span> <span class='ocrx_word' id='word_1_140' title='bbox 1280 2099 1664 2155; x_wconf 89' lang='lat' dir='ltr'>subscriptionibus</span> <span class='ocrx_word' id='word_1_141' title='bbox 1683 2100 1757 2142; x_wconf 88' lang='lat' dir='ltr'>fir-</span> 
     </span>
     <span class='ocr_line' id='line_1_25' title="bbox 219 2157 1756 2214; baseline 0.001 -16"><span class='ocrx_word' id='word_1_142' title='bbox 219 2162 380 2198; x_wconf 87' lang='lat' dir='ltr'>matam</span> <span class='ocrx_word' id='word_1_143' title='bbox 401 2158 607 2200; x_wconf 78' lang='lat' dir='ltr'>dedimus,</span> <span class='ocrx_word' id='word_1_144' title='bbox 668 2159 728 2199; x_wconf 90' lang='lat' dir='ltr'>Et</span> <span class='ocrx_word' id='word_1_145' title='bbox 747 2158 828 2200; x_wconf 91' lang='lat' dir='ltr'>hoc</span> <span class='ocrx_word' id='word_1_146' title='bbox 849 2162 912 2200; x_wconf 90' lang='lat' dir='ltr'>est</span> <span class='ocrx_word' id='word_1_147' title='bbox 934 2174 1060 2214; x_wconf 91' lang='lat' dir='ltr'>super</span> <span class='ocrx_word' id='word_1_148' title='bbox 1080 2173 1164 2213; x_wconf 90' lang='lat' dir='ltr'>quo</span> <span class='ocrx_word' id='word_1_149' title='bbox 1185 2158 1410 2200; x_wconf 85' lang='lat' dir='ltr'>certiorem</span> <span class='ocrx_word' id='word_1_150' title='bbox 1431 2165 1475 2199; x_wconf 93' lang='lat' dir='ltr'>te</span> <span class='ocrx_word' id='word_1_151' title='bbox 1503 2157 1756 2209; x_wconf 75' lang='lat' dir='ltr'>faceremus,</span> 
     </span>
     <span class='ocr_line' id='line_1_26' title="bbox 220 2215 1758 2271; baseline 0.001 -15"><span class='ocrx_word' id='word_1_152' title='bbox 220 2215 408 2257; x_wconf 77' lang='lat' dir='ltr'>voluisti.</span> <span class='ocrx_word' id='word_1_153' title='bbox 472 2216 597 2263; x_wconf 76' lang='lat' dir='ltr'>Quod</span> <span class='ocrx_word' id='word_1_154' title='bbox 617 2216 830 2271; x_wconf 88' lang='lat' dir='ltr'>reliquum</span> <span class='ocrx_word' id='word_1_155' title='bbox 853 2221 929 2266; x_wconf 90' lang='lat' dir='ltr'>est,</span> <span class='ocrx_word' id='word_1_156' title='bbox 952 2216 1249 2258; x_wconf 84' lang='lat' dir='ltr'>Illustrissime</span> <span class='ocrx_word' id='word_1_157' title='bbox 1270 2216 1468 2267; x_wconf 89' lang='lat' dir='ltr'>Domine,</span> <span class='ocrx_word' id='word_1_158' title='bbox 1491 2231 1589 2258; x_wconf 84' lang='lat' dir='ltr'>cum</span> <span class='ocrx_word' id='word_1_159' title='bbox 1609 2216 1662 2258; x_wconf 90' lang='lat' dir='ltr'>de</span> <span class='ocrx_word' id='word_1_160' title='bbox 1682 2221 1758 2258; x_wconf 87' lang='lat' dir='ltr'>tua</span> 
     </span>
     <span class='ocr_line' id='line_1_27' title="bbox 220 2273 1759 2330; baseline 0.001 -16"><span class='ocrx_word' id='word_1_161' title='bbox 220 2273 269 2314; x_wconf 90' lang='lat' dir='ltr'>in</span> <span class='ocrx_word' id='word_1_162' title='bbox 288 2287 364 2315; x_wconf 85' lang='lat' dir='ltr'>nos</span> <span class='ocrx_word' id='word_1_163' title='bbox 386 2274 682 2316; x_wconf 82' lang='lat' dir='ltr'>benevolentia</span> <span class='ocrx_word' id='word_1_164' title='bbox 703 2274 925 2330; x_wconf 86' lang='lat' dir='ltr'>singulari,</span> <span class='ocrx_word' id='word_1_165' title='bbox 948 2289 1033 2329; x_wconf 89' lang='lat' dir='ltr'>qua</span> <span class='ocrx_word' id='word_1_166' title='bbox 1054 2279 1096 2316; x_wconf 89' lang='lat' dir='ltr'>et</span> <span class='ocrx_word' id='word_1_167' title='bbox 1115 2289 1192 2315; x_wconf 90' lang='lat' dir='ltr'>nos</span> <span class='ocrx_word' id='word_1_168' title='bbox 1213 2273 1295 2315; x_wconf 89' lang='lat' dir='ltr'>tibi</span> <span class='ocrx_word' id='word_1_169' title='bbox 1323 2273 1511 2315; x_wconf 79' lang='lat' dir='ltr'>maxime</span> <span class='ocrx_word' id='word_1_170' title='bbox 1532 2274 1759 2316; x_wconf 83' lang='lat' dir='ltr'>obstrictos</span> 
     </span>
     <span class='ocr_line' id='line_1_28' title="bbox 220 2331 1759 2388; baseline 0.001 -16"><span class='ocrx_word' id='word_1_171' title='bbox 220 2331 364 2382; x_wconf 81' lang='lat' dir='ltr'>habes,</span> <span class='ocrx_word' id='word_1_172' title='bbox 387 2331 622 2388; x_wconf 89' lang='lat' dir='ltr'>plurimum</span> <span class='ocrx_word' id='word_1_173' title='bbox 641 2332 765 2374; x_wconf 89' lang='lat' dir='ltr'>nobis</span> <span class='ocrx_word' id='word_1_174' title='bbox 784 2333 887 2374; x_wconf 88' lang='lat' dir='ltr'>boni</span> <span class='ocrx_word' id='word_1_175' title='bbox 907 2332 1034 2374; x_wconf 88' lang='lat' dir='ltr'>officii</span> <span class='ocrx_word' id='word_1_176' title='bbox 1054 2332 1319 2388; x_wconf 90' lang='lat' dir='ltr'>pollicemur.</span> <span class='ocrx_word' id='word_1_177' title='bbox 1379 2331 1481 2373; x_wconf 90' lang='lat' dir='ltr'>Non</span> <span class='ocrx_word' id='word_1_178' title='bbox 1511 2332 1759 2373; x_wconf 86' lang='lat' dir='ltr'>dubitamus</span> 
     </span>
     <span class='ocr_line' id='line_1_29' title="bbox 221 2389 1758 2446; baseline 0.001 -17"><span class='ocrx_word' id='word_1_179' title='bbox 221 2395 264 2430; x_wconf 83' lang='lat' dir='ltr'>tc</span> <span class='ocrx_word' id='word_1_180' title='bbox 296 2389 572 2432; x_wconf 86' lang='lat' dir='ltr'>vehementer</span> <span class='ocrx_word' id='word_1_181' title='bbox 606 2390 736 2432; x_wconf 82' lang='lat' dir='ltr'>etiam</span> <span class='ocrx_word' id='word_1_182' title='bbox 768 2395 897 2446; x_wconf 81' lang='lat' dir='ltr'>atque</span> <span class='ocrx_word' id='word_1_183' title='bbox 928 2390 1057 2432; x_wconf 82' lang='lat' dir='ltr'>etiam</span> <span class='ocrx_word' id='word_1_184' title='bbox 1094 2405 1258 2445; x_wconf 86' lang='lat' dir='ltr'>rogare,</span> <span class='ocrx_word' id='word_1_185' title='bbox 1281 2394 1506 2445; x_wconf 88' lang='lat' dir='ltr'>quatenus,</span> <span class='ocrx_word' id='word_1_186' title='bbox 1537 2404 1647 2445; x_wconf 87' lang='lat' dir='ltr'>quae</span> <span class='ocrx_word' id='word_1_187' title='bbox 1682 2394 1758 2431; x_wconf 89' lang='lat' dir='ltr'>tua</span> 
     </span>
     <span class='ocr_line' id='line_1_30' title="bbox 220 2446 1761 2504; baseline 0.001 -17"><span class='ocrx_word' id='word_1_188' title='bbox 220 2446 468 2489; x_wconf 83' lang='lat' dir='ltr'>humanitas</span> <span class='ocrx_word' id='word_1_189' title='bbox 502 2453 578 2498; x_wconf 88' lang='lat' dir='ltr'>est,</span> <span class='ocrx_word' id='word_1_190' title='bbox 612 2448 719 2490; x_wconf 90' lang='lat' dir='ltr'>velis</span> <span class='ocrx_word' id='word_1_191' title='bbox 752 2463 830 2504; x_wconf 90' lang='lat' dir='ltr'>pro</span> <span class='ocrx_word' id='word_1_192' title='bbox 862 2448 998 2498; x_wconf 92' lang='lat' dir='ltr'>nobis,</span> <span class='ocrx_word' id='word_1_193' title='bbox 1036 2453 1080 2489; x_wconf 91' lang='lat' dir='ltr'>et</span> <span class='ocrx_word' id='word_1_194' title='bbox 1113 2452 1308 2489; x_wconf 90' lang='lat' dir='ltr'>nostrum</span> <span class='ocrx_word' id='word_1_195' title='bbox 1344 2447 1536 2489; x_wconf 90' lang='lat' dir='ltr'>omnium</span> <span class='ocrx_word' id='word_1_196' title='bbox 1583 2448 1761 2489; x_wconf 88' lang='lat' dir='ltr'>nomine</span> 
     </span>
     <span class='ocr_line' id='line_1_31' title="bbox 222 2504 1776 2562; baseline 0.001 -17"><span class='ocrx_word' id='word_1_197' title='bbox 222 2520 407 2546; x_wconf 86' lang='lat' dir='ltr'>summas</span> <span class='ocrx_word' id='word_1_198' title='bbox 443 2509 486 2547; x_wconf 92' lang='lat' dir='ltr'>et</span> <span class='ocrx_word' id='word_1_199' title='bbox 519 2506 921 2561; x_wconf 89' lang='lat' dir='ltr'>obsequentissimas</span> <span class='ocrx_word' id='word_1_200' title='bbox 957 2506 1118 2562; x_wconf 86' lang='lat' dir='ltr'>gratias</span> <span class='ocrx_word' id='word_1_201' title='bbox 1153 2520 1280 2561; x_wconf 87' lang='lat' dir='ltr'>agere</span> <span class='ocrx_word' id='word_1_202' title='bbox 1315 2505 1425 2547; x_wconf 71' lang='lat' dir='ltr'>Suae</span> <span class='ocrx_word' id='word_1_203' title='bbox 1464 2504 1694 2546; x_wconf 85' lang='lat' dir='ltr'>Sanctitati</span> <span class='ocrx_word' id='word_1_204' title='bbox 1715 2510 1776 2547; x_wconf 51' lang='lat' dir='ltr'>et&gt;</span> 
     </span>
     <span class='ocr_line' id='line_1_32' title="bbox 220 2562 1755 2617; baseline 0 -13"><span class='ocrx_word' id='word_1_205' title='bbox 220 2562 424 2617; x_wconf 82' lang='lat' dir='ltr'>predictis</span> <span class='ocrx_word' id='word_1_206' title='bbox 455 2563 822 2605; x_wconf 84' lang='lat' dir='ltr'>Eminentissimis</span> <span class='ocrx_word' id='word_1_207' title='bbox 855 2564 966 2605; x_wconf 90' lang='lat' dir='ltr'>D.D.</span> <span class='ocrx_word' id='word_1_208' title='bbox 1005 2563 1206 2605; x_wconf 82' lang='lat' dir='ltr'>Patronis</span> <span class='ocrx_word' id='word_1_209' title='bbox 1240 2563 1398 2604; x_wconf 86' lang='lat' dir='ltr'>nostris</span> <span class='ocrx_word' id='word_1_210' title='bbox 1431 2562 1755 2614; x_wconf 85' lang='lat' dir='ltr'>colendissimis,</span> 
     </span>
     <span class='ocr_line' id='line_1_33' title="bbox 220 2620 1760 2677; baseline 0.002 -17"><span class='ocrx_word' id='word_1_211' title='bbox 220 2620 335 2673; x_wconf 90' lang='lat' dir='ltr'>quod</span> <span class='ocrx_word' id='word_1_212' title='bbox 368 2625 535 2663; x_wconf 89' lang='lat' dir='ltr'>nostras</span> <span class='ocrx_word' id='word_1_213' title='bbox 565 2626 821 2677; x_wconf 87' lang='lat' dir='ltr'>nostraeque</span> <span class='ocrx_word' id='word_1_214' title='bbox 861 2622 1003 2677; x_wconf 88' lang='lat' dir='ltr'>gentis</span> <span class='ocrx_word' id='word_1_215' title='bbox 1035 2621 1298 2663; x_wconf 86' lang='lat' dir='ltr'>calamitates</span> <span class='ocrx_word' id='word_1_216' title='bbox 1333 2625 1454 2662; x_wconf 88' lang='lat' dir='ltr'>tanta</span> <span class='ocrx_word' id='word_1_217' title='bbox 1486 2621 1760 2677; x_wconf 81' lang='lat' dir='ltr'>benignitate</span> 
     </span>
     <span class='ocr_line' id='line_1_34' title="bbox 221 2678 990 2734; baseline 0.003 -17"><span class='ocrx_word' id='word_1_218' title='bbox 221 2678 415 2719; x_wconf 89' lang='lat' dir='ltr'>misereri</span> <span class='ocrx_word' id='word_1_219' title='bbox 438 2679 673 2734; x_wconf 88' lang='lat' dir='ltr'>dignentur</span> <span class='ocrx_word' id='word_1_220' title='bbox 693 2684 736 2720; x_wconf 90' lang='lat' dir='ltr'>et</span> <span class='ocrx_word' id='word_1_221' title='bbox 757 2679 990 2721; x_wconf 89' lang='lat' dir='ltr'>sublevare.</span> 
     </span>
    </p>

    <p class='ocr_par' dir='ltr' id='par_1_14' title="bbox 222 2735 1775 2908">
     <span class='ocr_line' id='line_1_35' title="bbox 307 2735 1760 2779; baseline -0.001 -1"><span class='ocrx_word' id='word_1_222' title='bbox 307 2735 398 2778; x_wconf 90' lang='lat' dir='ltr'>Nos</span> <span class='ocrx_word' id='word_1_223' title='bbox 418 2737 592 2778; x_wconf 87' lang='lat' dir='ltr'>interim</span> <span class='ocrx_word' id='word_1_224' title='bbox 613 2737 753 2778; x_wconf 90' lang='lat' dir='ltr'>Deum</span> <span class='ocrx_word' id='word_1_225' title='bbox 776 2737 825 2779; x_wconf 87' lang='lat' dir='ltr'>O.</span> <span class='ocrx_word' id='word_1_226' title='bbox 849 2737 910 2778; x_wconf 91' lang='lat' dir='ltr'>M.</span> <span class='ocrx_word' id='word_1_227' title='bbox 934 2735 1058 2778; x_wconf 78' lang='lat' dir='ltr'>enixe</span> <span class='ocrx_word' id='word_1_228' title='bbox 1079 2751 1248 2778; x_wconf 88' lang='lat' dir='ltr'>oramus</span> <span class='ocrx_word' id='word_1_229' title='bbox 1267 2740 1317 2777; x_wconf 92' lang='lat' dir='ltr'>ut</span> <span class='ocrx_word' id='word_1_230' title='bbox 1337 2751 1483 2778; x_wconf 88' lang='lat' dir='ltr'>eorum</span> <span class='ocrx_word' id='word_1_231' title='bbox 1503 2735 1760 2778; x_wconf 87' lang='lat' dir='ltr'>charitatem</span> 
     </span>
     <span class='ocr_line' id='line_1_36' title="bbox 222 2793 1775 2851; baseline 0.001 -18"><span class='ocrx_word' id='word_1_232' title='bbox 222 2793 390 2848; x_wconf 88' lang='lat' dir='ltr'>copiose</span> <span class='ocrx_word' id='word_1_233' title='bbox 411 2800 655 2836; x_wconf 89' lang='lat' dir='ltr'>remuneret</span> <span class='ocrx_word' id='word_1_234' title='bbox 675 2810 745 2836; x_wconf 90' lang='lat' dir='ltr'>eos</span> <span class='ocrx_word' id='word_1_235' title='bbox 765 2809 848 2851; x_wconf 89' lang='lat' dir='ltr'>que</span> <span class='ocrx_word' id='word_1_236' title='bbox 868 2794 1116 2836; x_wconf 79' lang='lat' dir='ltr'>felicissima</span> <span class='ocrx_word' id='word_1_237' title='bbox 1136 2794 1382 2836; x_wconf 87' lang='lat' dir='ltr'>valetudine</span> <span class='ocrx_word' id='word_1_238' title='bbox 1411 2793 1627 2835; x_wconf 83' lang='lat' dir='ltr'>Ecclesiae</span> <span class='ocrx_word' id='word_1_239' title='bbox 1648 2794 1775 2835; x_wconf 79' lang='lat' dir='ltr'>Suae-</span> 
     </span>
     <span class='ocr_line' id='line_1_37' title="bbox 222 2850 1774 2908; baseline 0.001 -18"><span class='ocrx_word' id='word_1_240' title='bbox 222 2850 299 2891; x_wconf 83' lang='lat' dir='ltr'>diu</span> <span class='ocrx_word' id='word_1_241' title='bbox 350 2857 491 2893; x_wconf 87' lang='lat' dir='ltr'>servet</span> <span class='ocrx_word' id='word_1_242' title='bbox 539 2852 786 2894; x_wconf 89' lang='lat' dir='ltr'>incolumes.</span> <span class='ocrx_word' id='word_1_243' title='bbox 868 2852 1024 2894; x_wconf 87' lang='lat' dir='ltr'>Omnia</span> <span class='ocrx_word' id='word_1_244' title='bbox 1065 2852 1238 2893; x_wconf 89' lang='lat' dir='ltr'>demum</span> <span class='ocrx_word' id='word_1_245' title='bbox 1291 2866 1494 2908; x_wconf 86' lang='lat' dir='ltr'>prospera</span> <span class='ocrx_word' id='word_1_246' title='bbox 1540 2851 1774 2908; x_wconf 84' lang='lat' dir='ltr'>apprecati..</span> 
     </span>
    </p>
   </div>
  </div>
 </body>
</html>
