1887 3188
230 150 314 192 100
749 164 929 193 moCESE
960 165 1014 192 01·
1045 163 1246 192 ARDAGH.

316 266 492 323 During
511 266 580 308 his
600 266 853 323 episcopate,
877 265 1199 308 Clonmacnoise
1219 280 1305 307 was
1325 265 1400 307 the
1421 270 1566 307 centre
1587 264 1633 307 of
1654 280 1776 307 some

229 325 498 366 remarkable
518 330 677 375 events,
695 324 743 366 in
758 324 899 365 which
920 323 999 366 Dr.
1019 324 1285 380 Geoghegan
1300 323 1403 365 took
1423 338 1448 365 a
1462 323 1638 379 leading
1657 328 1774 379 part,

229 397 276 423 as
310 383 385 424 the
418 382 644 437 following
677 383 927 424 documents
961 382 1052 424 will
1084 382 1212 424 show.
1289 381 1360 423 He
1395 381 1483 423 also
1511 381 1714 423 attended
1745 396 1774 422 a

230 439 378 497 Synod
394 440 497 482 held
516 440 564 482 in
584 439 792 482 Kilmore.

772 539 944 581 Statuta
966 537 1235 580 Cluanensia.

502 639 557 681 In
579 638 778 695 Oapitulo
798 638 961 679 Habito
981 637 1029 679 in
1050 636 1237 679 Civitate
1258 636 1500 679 Cluanensi.

832 737 884 778 10
906 736 1026 787 Maii,
1052 736 1177 778 1649.

362 839 451 882 Sub
471 839 842 882 Reverendissimo
859 839 912 881 D.
936 839 1142 889 Antonio,
1165 838 1378 894 Episcopo
1396 837 1639 879 Cluanensi.

318 937 503 994 Propter
543 938 662 979 varia
700 937 968 979 incommoda
1007 952 1116 992 quae
1158 942 1367 992 sequntur
1411 952 1465 978 ex
1504 937 1775 993 negligentia

229 995 512 1061 parochorum
541 995 712 1052 partim,
743 1000 786 1037 et
817 995 976 1051 partim
1003 995 1267 1037 officiositate
1296 994 1596 1060 religiosorum
1625 995 1701 1050 qui
1732 1010 1776 1037 se

231 1053 525 1095 intromittam
545 1053 682 1095 officio
710 1054 953 1103 eorundem,
987 1053 1215 1094 statuimus
1236 1053 1350 1107 quod
1371 1053 1616 1108 quicunque
1645 1067 1778 1108 regu-

230 1111 346 1161 laris,
369 1110 539 1152 assistat
558 1115 815 1152 testamento
836 1111 1022 1167 alicujus
1041 1110 1321 1152 moribundi
1309 1125 1356 1151 111
1376 1111 1457 1151 hac
1478 1110 1670 1161 dioecesi,
1688 1111 1775 1152 nisi

230 1168 401 1210 assistat
421 1168 551 1210 etiam
571 1169 794 1224 parochus,
818 1169 894 1224 qui
915 1168 1088 1210 debebit
1107 1183 1259 1210 vocare
1289 1168 1394 1210 duos
1426 1168 1530 1210 alios
1560 1173 1690 1210 testes
1720 1169 1778 1210 ad

230 1226 469 1275 minimum,
484 1232 527 1268 et
546 1226 663 1268 idem
683 1231 990 1268 testamentum
1005 1231 1277 1282 praesentare
1298 1241 1441 1268 coram
1461 1226 1676 1268 ordinario
1698 1232 1776 1268 aut

231 1283 409 1325 officiale
440 1289 539 1326 ante
572 1284 625 1325 15
658 1284 760 1334 dies,
784 1284 860 1339 qui
891 1299 1010 1326 secus
1039 1283 1236 1334 fecerint,
1258 1284 1524 1326 mulctentur
1552 1284 1600 1326 in
1621 1284 1674 1325 10
1696 1299 1780 1340 per

230 1346 404 1383 centum
436 1342 488 1384 de
520 1341 664 1384 valore
696 1342 957 1393 testamenti,
991 1342 1107 1397 quod
1137 1342 1349 1383 mulctum
1384 1341 1574 1383 solvatur
1603 1341 1650 1383 in
1681 1342 1780 1398 pios

231 1415 344 1441 usus.

750 1471 828 1513 Dr.
853 1471 1030 1513 Carolus
1052 1470 1259 1527 Ooghlan,
1279 1471 1490 1513 Decanus.

751 1529 824 1571 Pr.
847 1529 1046 1572 Donatus
1067 1528 1231 1585 Coffey,
1255 1528 1471 1571 ThesaurS·

751 1587 824 1629 Pr.
847 1587 1020 1629 Walter
1047 1586 1211 1643 Rigny,
1234 1586 1556 1628 Poenitentiars·

751 1644 824 1687 Pr.
847 1645 984 1687 «106115-
1008 1644 1235 1687 Muluolha
1255 1645 1310 1687 V.
1333 1645 1386 1687 de
1405 1644 1696 1701 Ballologhlo.

750 1703 823 1745 Pr.
847 1702 1032 1745 Thomas
1053 1702 1241 1745 Conoile.

750 1760 823 1803 Pr.
847 1760 1074 1803 Terentius
1095 1760 1304 1817 Ooghlan.

750 1819 823 1860 Pr.
845 1818 1068 1860 Arthurus
1089 1818 1296 1873 Coghlan.

749 1876 823 1918 Pr.
845 1876 1043 1918 Patricus
1063 1876 1240 1918 M‘Mea.

749 1934 823 1976 Pr.
846 1934 1070 1976 Donaldus
1090 1934 1239 1976 Shiell.

749 1992 824 2034 Pr.
849 1992 1091 2034 Gulielmus
1111 1991 1260 2034 8111611.

316 2089 379 2131 Hi
399 2105 544 2132 omnes
574 2090 809 2147 supradicti
829 2106 1083 2133 consensum
1103 2091 1315 2133 dederunt
1335 2090 1389 2132 ad
1409 2089 1704 2146 probationem
1725 2095 1771 2132 et

229 2148 595 2190 confirmationem
627 2164 755 2205 supra
785 2149 998 2191 dictorum
1029 2153 1299 2191 statutorum.
1360 2147 1423 2190 Et
1458 2163 1538 2204 ego
1571 2148 1769 2190 similiter

230 2206 433 2248 confirmo
454 2211 497 2248 et
518 2207 705 2263 approbo
727 2207 886 2249 eadem.

750 2305 824 2348 Fr.
862 2305 1113 2348 Anthonius
1158 2303 1495 2362 [Magheogan],
1531 2303 1775 2361 Episcopus-

869 2364 1134 2406 Oluanensis.

318 2460 536 2517 Scriptum
556 2476 633 2517 per
653 2476 721 2504 me
742 2461 977 2519 Hugonem
1000 2461 1210 2518 Ooghlan‚
1233 2462 1260 2503 4
1282 2460 1413 2517 Sept„
1439 2460 1563 2502 1649.

318 2560 364 2601 It
384 2559 422 2601 is
441 2559 554 2602 clear
587 2559 700 2602 from
728 2560 861 2603 above
896 2561 1085 2603 Statutes
1106 2560 1179 2602 the
1200 2559 1414 2616 Regulars
1445 2559 1520 2601 did
1551 2565 1628 2601 not
1658 2559 1773 2602 have

231 2616 267 2658 it
288 2617 346 2658 all
366 2618 480 2659 their
499 2632 596 2659 own
616 2633 710 2674 way
729 2618 778 2660 in
796 2619 918 2661 those
939 2619 1055 2675 days.

321 2702 412 2744 The
432 2702 657 2758 following
675 2718 829 2758 papers
848 2703 938 2745 will
957 2703 1011 2745 be
1030 2702 1167 2745 found
1182 2707 1227 2744 to
1239 2702 1412 2744 contain
1430 2701 1560 2744 much
1573 2701 1768 2744 valuable

233 2760 512 2801 information
532 2761 767 2817 regarding
786 2761 860 2803 the
873 2762 948 2803 sad
963 2760 1182 2803 condition
1200 2765 1246 2802 to
1265 2760 1408 2803 which
1429 2759 1643 2802 Catholics
1658 2775 1769 2802 were

235 2817 418 2859 reduced
448 2818 577 2859 about
608 2818 682 2860 the
713 2818 874 2861 middle
906 2819 952 2860 of
982 2819 1057 2861 the
1089 2818 1367 2860 seventeenth
1399 2822 1592 2875 century,
1614 2817 1662 2859 in
1680 2817 1773 2859 this>

234 2879 429 2931 country,
452 2875 642 2931 through
662 2875 737 2917 the
759 2876 1059 2919 Oromwellian
1077 2875 1273 2918 invasion
1288 2892 1358 2918 :—
