<?xml version="1.0" encoding="UTF-8"?>
<!DOCTYPE html PUBLIC "-//W3C//DTD XHTML 1.0 Transitional//EN"
    "http://www.w3.org/TR/xhtml1/DTD/xhtml1-transitional.dtd">
<html xmlns="http://www.w3.org/1999/xhtml" xml:lang="en" lang="en">
 <head>
  <title>
</title>
<meta http-equiv="Content-Type" content="text/html;charset=utf-8" />
  <meta name='ocr-system' content='tesseract 3.04.00' />
  <meta name='ocr-capabilities' content='ocr_page ocr_carea ocr_par ocr_line ocrx_word'/>
</head>
<body>
  <div class='ocr_page' id='page_1' title='image "./recordsrelatingt00mona_0163.png"; bbox 0 0 1887 3188; ppageno 0'>
   <div class='ocr_carea' id='block_1_1' title="bbox 639 91 1651 132">
    <p class='ocr_par' dir='ltr' id='par_1_1' title="bbox 639 91 1651 132">
     <span class='ocr_line' id='line_1_1' title="bbox 639 91 1651 132; baseline 0.005 -6"><span class='ocrx_word' id='word_1_1' title='bbox 639 100 734 127; x_wconf 77' lang='lat' dir='ltr'>AM)</span> <span class='ocrx_word' id='word_1_2' title='bbox 764 99 1113 130; x_wconf 79' lang='lat' dir='ltr'>CLONMACNOISE.</span> <span class='ocrx_word' id='word_1_3' title='bbox 1568 91 1651 132; x_wconf 84' lang='lat'>143</span> 
     </span>
    </p>
   </div>
   <div class='ocr_carea' id='block_1_2' title="bbox 93 199 1655 2873">
    <p class='ocr_par' dir='ltr' id='par_1_2' title="bbox 93 199 1655 2406">
     <span class='ocr_line' id='line_1_2' title="bbox 97 199 1649 257; baseline 0.004 -16"><span class='ocrx_word' id='word_1_4' title='bbox 97 199 382 257; x_wconf 84' lang='lat' dir='ltr'>Lageniensis</span> <span class='ocrx_word' id='word_1_5' title='bbox 401 200 584 243; x_wconf 89' lang='lat' dir='ltr'>militiae</span> <span class='ocrx_word' id='word_1_6' title='bbox 604 200 694 251; x_wconf 83' lang='lat' dir='ltr'>flos,</span> <span class='ocrx_word' id='word_1_7' title='bbox 720 201 929 257; x_wconf 88' lang='lat' dir='ltr'>sanguine</span> <span class='ocrx_word' id='word_1_8' title='bbox 950 203 1183 244; x_wconf 90' lang='lat' dir='ltr'>crudeliter</span> <span class='ocrx_word' id='word_1_9' title='bbox 1203 202 1314 245; x_wconf 78' lang='lat' dir='ltr'>fuso.</span> <span class='ocrx_word' id='word_1_10' title='bbox 1348 204 1649 247; x_wconf 61' lang='lat' dir='ltr'>WVaterfordia</span> 
     </span>
     <span class='ocr_line' id='line_1_3' title="bbox 99 258 1652 314; baseline 0.004 -15"><span class='ocrx_word' id='word_1_11' title='bbox 99 259 268 313; x_wconf 90' lang='lat' dir='ltr'>perdita</span> <span class='ocrx_word' id='word_1_12' title='bbox 287 259 475 301; x_wconf 81' lang='lat' dir='ltr'><strong>maxime</strong></span> <span class='ocrx_word' id='word_1_13' title='bbox 497 259 551 300; x_wconf 92' lang='lat' dir='ltr'>ob</span> <span class='ocrx_word' id='word_1_14' title='bbox 582 258 847 314; x_wconf 74' lang='lat' dir='ltr'>imperitiam</span> <span class='ocrx_word' id='word_1_15' title='bbox 884 259 1197 302; x_wconf 72' lang='lat' dir='ltr'>Gubernatoris</span> <span class='ocrx_word' id='word_1_16' title='bbox 1230 262 1300 302; x_wconf 91' lang='lat' dir='ltr'>cui</span> <span class='ocrx_word' id='word_1_17' title='bbox 1331 261 1407 303; x_wconf 90' lang='lat' dir='ltr'>illa</span> <span class='ocrx_word' id='word_1_18' title='bbox 1427 263 1652 305; x_wconf 88' lang='lat' dir='ltr'>commissa</span> 
     </span>
     <span class='ocr_line' id='line_1_4' title="bbox 99 316 1650 376; baseline 0.004 -19"><span class='ocrx_word' id='word_1_19' title='bbox 99 316 199 368; x_wconf 81' lang='lat' dir='ltr'>fuit,</span> <span class='ocrx_word' id='word_1_20' title='bbox 221 317 396 374; x_wconf 84' lang='lat' dir='ltr'>juvenis</span> <span class='ocrx_word' id='word_1_21' title='bbox 416 317 591 373; x_wconf 90' lang='lat' dir='ltr'>quidem</span> <span class='ocrx_word' id='word_1_22' title='bbox 610 316 712 358; x_wconf 84' lang='lat' dir='ltr'>vani</span> <span class='ocrx_word' id='word_1_23' title='bbox 733 322 776 358; x_wconf 92' lang='lat' dir='ltr'>et</span> <span class='ocrx_word' id='word_1_24' title='bbox 791 316 903 359; x_wconf 89' lang='lat' dir='ltr'>male</span> <span class='ocrx_word' id='word_1_25' title='bbox 924 318 1110 360; x_wconf 90' lang='lat' dir='ltr'>consulti</span> <span class='ocrx_word' id='word_1_26' title='bbox 1129 318 1294 360; x_wconf 91' lang='lat' dir='ltr'>militis.</span> <span class='ocrx_word' id='word_1_27' title='bbox 1338 319 1650 376; x_wconf 88' lang='lat' dir='ltr'>Rossipontum</span> 
     </span>
     <span class='ocr_line' id='line_1_5' title="bbox 94 374 1647 430; baseline 0.003 -15"><span class='ocrx_word' id='word_1_28' title='bbox 94 389 200 416; x_wconf 82' lang='lat' dir='ltr'>suae</span> <span class='ocrx_word' id='word_1_29' title='bbox 249 375 544 417; x_wconf 79' lang='lat' dir='ltr'>Excellentiae</span> <span class='ocrx_word' id='word_1_30' title='bbox 596 374 812 426; x_wconf 88' lang='lat' dir='ltr'>mandato,</span> <span class='ocrx_word' id='word_1_31' title='bbox 878 375 1000 417; x_wconf 89' lang='lat' dir='ltr'>nulla</span> <span class='ocrx_word' id='word_1_32' title='bbox 1061 376 1177 418; x_wconf 81' lang='lat' dir='ltr'>facta</span> <span class='ocrx_word' id='word_1_33' title='bbox 1225 377 1341 418; x_wconf 87' lang='lat' dir='ltr'>hosti</span> <span class='ocrx_word' id='word_1_34' title='bbox 1390 379 1647 430; x_wconf 74' lang='lat' dir='ltr'>resistentia,</span> 
     </span>
     <span class='ocr_line' id='line_1_6' title="bbox 99 432 1652 489; baseline 0.004 -16"><span class='ocrx_word' id='word_1_35' title='bbox 99 432 309 474; x_wconf 88' lang='lat' dir='ltr'>traditum</span> <span class='ocrx_word' id='word_1_36' title='bbox 343 432 431 474; x_wconf 79' lang='lat' dir='ltr'>fuit</span> <span class='ocrx_word' id='word_1_37' title='bbox 465 448 543 489; x_wconf 92' lang='lat' dir='ltr'>per</span> <span class='ocrx_word' id='word_1_38' title='bbox 579 432 848 474; x_wconf 84' lang='lat' dir='ltr'>Colonellum</span> <span class='ocrx_word' id='word_1_39' title='bbox 882 433 1046 475; x_wconf 87' lang='lat' dir='ltr'>Lucam</span> <span class='ocrx_word' id='word_1_40' title='bbox 1078 434 1263 485; x_wconf 84' lang='lat' dir='ltr'>Taffum,</span> <span class='ocrx_word' id='word_1_41' title='bbox 1297 451 1395 477; x_wconf 88' lang='lat' dir='ltr'>cum</span> <span class='ocrx_word' id='word_1_42' title='bbox 1426 441 1573 478; x_wconf 90' lang='lat' dir='ltr'>tamen</span> <span class='ocrx_word' id='word_1_43' title='bbox 1604 437 1652 479; x_wconf 92' lang='lat' dir='ltr'>in</span> 
     </span>
     <span class='ocr_line' id='line_1_7' title="bbox 94 490 1653 550; baseline 0.003 -19"><span class='ocrx_word' id='word_1_44' title='bbox 94 490 258 545; x_wconf 81' lang='lat' dir='ltr'>oppido</span> <span class='ocrx_word' id='word_1_45' title='bbox 280 505 423 532; x_wconf 91' lang='lat' dir='ltr'>secum</span> <span class='ocrx_word' id='word_1_46' title='bbox 443 491 620 532; x_wconf 86' lang='lat' dir='ltr'>haberet</span> <span class='ocrx_word' id='word_1_47' title='bbox 650 506 729 546; x_wconf 88' lang='lat' dir='ltr'>pro</span> <span class='ocrx_word' id='word_1_48' title='bbox 755 491 969 546; x_wconf 86' lang='lat' dir='ltr'>praesidio</span> <span class='ocrx_word' id='word_1_49' title='bbox 1004 507 1114 548; x_wconf 90' lang='lat' dir='ltr'>pene</span> <span class='ocrx_word' id='word_1_50' title='bbox 1148 492 1215 534; x_wconf 89' lang='lat' dir='ltr'>bis</span> <span class='ocrx_word' id='word_1_51' title='bbox 1249 493 1370 535; x_wconf 86' lang='lat' dir='ltr'>mille</span> <span class='ocrx_word' id='word_1_52' title='bbox 1390 495 1653 550; x_wconf 87' lang='lat' dir='ltr'>quingentos</span> 
     </span>
     <span class='ocr_line' id='line_1_8' title="bbox 99 548 1647 606; baseline 0.003 -17"><span class='ocrx_word' id='word_1_53' title='bbox 99 548 260 590; x_wconf 85' lang='lat' dir='ltr'>milites</span> <span class='ocrx_word' id='word_1_54' title='bbox 281 549 335 590; x_wconf 91' lang='lat' dir='ltr'>ad</span> <span class='ocrx_word' id='word_1_55' title='bbox 355 564 549 605; x_wconf 89' lang='lat' dir='ltr'>pugnam</span> <span class='ocrx_word' id='word_1_56' title='bbox 569 553 613 590; x_wconf 90' lang='lat' dir='ltr'>et</span> <span class='ocrx_word' id='word_1_57' title='bbox 633 553 849 590; x_wconf 88' lang='lat' dir='ltr'>certamen</span> <span class='ocrx_word' id='word_1_58' title='bbox 878 550 1103 591; x_wconf 79' lang='lat' dir='ltr'>ardentes:</span> <span class='ocrx_word' id='word_1_59' title='bbox 1136 556 1284 606; x_wconf 88' lang='lat' dir='ltr'>postea</span> <span class='ocrx_word' id='word_1_60' title='bbox 1316 551 1451 593; x_wconf 89' lang='lat' dir='ltr'>hostis</span> <span class='ocrx_word' id='word_1_61' title='bbox 1484 553 1647 594; x_wconf 88' lang='lat' dir='ltr'>instau-</span> 
     </span>
     <span class='ocr_line' id='line_1_9' title="bbox 101 606 1648 667; baseline 0.003 -20"><span class='ocrx_word' id='word_1_62' title='bbox 101 606 215 648; x_wconf 82' lang='lat' dir='ltr'>ravit</span> <span class='ocrx_word' id='word_1_63' title='bbox 234 611 410 663; x_wconf 89' lang='lat' dir='ltr'>pontem</span> <span class='ocrx_word' id='word_1_64' title='bbox 431 622 589 662; x_wconf 88' lang='lat' dir='ltr'>magno</span> <span class='ocrx_word' id='word_1_65' title='bbox 609 606 677 647; x_wconf 91' lang='lat' dir='ltr'>illi</span> <span class='ocrx_word' id='word_1_66' title='bbox 698 607 813 661; x_wconf 87' lang='lat' dir='ltr'>quod</span> <span class='ocrx_word' id='word_1_67' title='bbox 833 606 1139 663; x_wconf 79' lang='lat' dir='ltr'>Rossipontem</span> <span class='ocrx_word' id='word_1_68' title='bbox 1162 607 1288 650; x_wconf 90' lang='lat' dir='ltr'>alluit</span> <span class='ocrx_word' id='word_1_69' title='bbox 1308 608 1480 651; x_wconf 88' lang='lat' dir='ltr'>flumini</span> <span class='ocrx_word' id='word_1_70' title='bbox 1502 626 1648 667; x_wconf 88' lang='lat' dir='ltr'>super-</span> 
     </span>
     <span class='ocr_line' id='line_1_10' title="bbox 99 664 1652 723; baseline 0.003 -18"><span class='ocrx_word' id='word_1_71' title='bbox 99 669 313 706; x_wconf 85' lang='lat' dir='ltr'>structum</span> <span class='ocrx_word' id='word_1_72' title='bbox 350 664 433 719; x_wconf 77' lang='lat' dir='ltr'>(res</span> <span class='ocrx_word' id='word_1_73' title='bbox 473 664 672 706; x_wconf 90' lang='lat' dir='ltr'>omnibus</span> <span class='ocrx_word' id='word_1_74' title='bbox 711 665 912 707; x_wconf 82' lang='lat' dir='ltr'>miraculi</span> <span class='ocrx_word' id='word_1_75' title='bbox 961 666 1053 707; x_wconf 90' lang='lat' dir='ltr'>loco</span> <span class='ocrx_word' id='word_1_76' title='bbox 1084 666 1245 714; x_wconf 86' lang='lat' dir='ltr'>habita,</span> <span class='ocrx_word' id='word_1_77' title='bbox 1280 667 1392 708; x_wconf 89' lang='lat' dir='ltr'>nulli</span> <span class='ocrx_word' id='word_1_78' title='bbox 1433 683 1566 723; x_wconf 86' lang='lat' dir='ltr'>quare</span> <span class='ocrx_word' id='word_1_79' title='bbox 1605 669 1652 710; x_wconf 91' lang='lat' dir='ltr'>id</span> 
     </span>
     <span class='ocr_line' id='line_1_11' title="bbox 98 721 1655 779; baseline 0.003 -15"><span class='ocrx_word' id='word_1_80' title='bbox 98 721 265 764; x_wconf 83' lang='lat' dir='ltr'>factum</span> <span class='ocrx_word' id='word_1_81' title='bbox 284 722 352 765; x_wconf 83' lang='lat' dir='ltr'>vel</span> <span class='ocrx_word' id='word_1_82' title='bbox 375 723 632 779; x_wconf 90' lang='lat' dir='ltr'>permissum</span> <span class='ocrx_word' id='word_1_83' title='bbox 661 738 837 777; x_wconf 90' lang='lat' dir='ltr'>prorsus</span> <span class='ocrx_word' id='word_1_84' title='bbox 863 723 1099 779; x_wconf 87' lang='lat' dir='ltr'>intellecta)</span> <span class='ocrx_word' id='word_1_85' title='bbox 1124 724 1246 766; x_wconf 88' lang='lat' dir='ltr'>nulla</span> <span class='ocrx_word' id='word_1_86' title='bbox 1275 725 1375 766; x_wconf 90' lang='lat' dir='ltr'>data</span> <span class='ocrx_word' id='word_1_87' title='bbox 1409 727 1655 768; x_wconf 82' lang='lat' dir='ltr'>resistentia</span> 
     </span>
     <span class='ocr_line' id='line_1_12' title="bbox 93 781 1653 837; baseline 0.003 -16"><span class='ocrx_word' id='word_1_88' title='bbox 93 785 174 822; x_wconf 85' lang='lat' dir='ltr'>aut</span> <span class='ocrx_word' id='word_1_89' title='bbox 189 781 469 837; x_wconf 87' lang='lat' dir='ltr'>oppositione,</span> <span class='ocrx_word' id='word_1_90' title='bbox 493 796 591 822; x_wconf 90' lang='lat' dir='ltr'>cum</span> <span class='ocrx_word' id='word_1_91' title='bbox 610 781 787 822; x_wconf 86' lang='lat' dir='ltr'>interim</span> <span class='ocrx_word' id='word_1_92' title='bbox 807 787 952 823; x_wconf 89' lang='lat' dir='ltr'>noster</span> <span class='ocrx_word' id='word_1_93' title='bbox 973 782 1187 823; x_wconf 73' lang='lat' dir='ltr'>exercitus</span> <span class='ocrx_word' id='word_1_94' title='bbox 1218 783 1425 825; x_wconf 82' lang='lat' dir='ltr'>resideret</span> <span class='ocrx_word' id='word_1_95' title='bbox 1445 790 1488 825; x_wconf 91' lang='lat' dir='ltr'>et</span> <span class='ocrx_word' id='word_1_96' title='bbox 1520 790 1653 827; x_wconf 90' lang='lat' dir='ltr'>staret</span> 
     </span>
     <span class='ocr_line' id='line_1_13' title="bbox 98 838 1652 895; baseline 0.003 -15"><span class='ocrx_word' id='word_1_97' title='bbox 98 838 215 880; x_wconf 87' lang='lat' dir='ltr'>intra</span> <span class='ocrx_word' id='word_1_98' title='bbox 247 844 411 895; x_wconf 88' lang='lat' dir='ltr'>septem</span> <span class='ocrx_word' id='word_1_99' title='bbox 445 845 521 880; x_wconf 90' lang='lat' dir='ltr'>aut</span> <span class='ocrx_word' id='word_1_100' title='bbox 555 843 650 881; x_wconf 88' lang='lat' dir='ltr'>octo</span> <span class='ocrx_word' id='word_1_101' title='bbox 690 839 745 880; x_wconf 94' lang='lat' dir='ltr'>ad</span> <span class='ocrx_word' id='word_1_102' title='bbox 784 839 910 880; x_wconf 89' lang='lat' dir='ltr'>illum</span> <span class='ocrx_word' id='word_1_103' title='bbox 950 839 1092 881; x_wconf 90' lang='lat' dir='ltr'>locum</span> <span class='ocrx_word' id='word_1_104' title='bbox 1132 840 1348 892; x_wconf 89' lang='lat' dir='ltr'>milliaria,</span> <span class='ocrx_word' id='word_1_105' title='bbox 1391 846 1434 883; x_wconf 91' lang='lat' dir='ltr'>et</span> <span class='ocrx_word' id='word_1_106' title='bbox 1475 843 1652 884; x_wconf 89' lang='lat' dir='ltr'>ducenti</span> 
     </span>
     <span class='ocr_line' id='line_1_14' title="bbox 98 896 1651 956; baseline 0.003 -18"><span class='ocrx_word' id='word_1_107' title='bbox 98 896 344 953; x_wconf 86' lang='lat' dir='ltr'>sclopetarii</span> <span class='ocrx_word' id='word_1_108' title='bbox 378 897 423 938; x_wconf 90' lang='lat' dir='ltr'>in</span> <span class='ocrx_word' id='word_1_109' title='bbox 445 896 693 953; x_wconf 85' lang='lat' dir='ltr'>Rosperkin</span> <span class='ocrx_word' id='word_1_110' title='bbox 723 897 778 938; x_wconf 89' lang='lat' dir='ltr'>ad</span> <span class='ocrx_word' id='word_1_111' title='bbox 810 897 990 939; x_wconf 87' lang='lat' dir='ltr'>alteram</span> <span class='ocrx_word' id='word_1_112' title='bbox 1018 897 1212 940; x_wconf 89' lang='lat' dir='ltr'>fluminis</span> <span class='ocrx_word' id='word_1_113' title='bbox 1234 899 1374 955; x_wconf 86' lang='lat' dir='ltr'>ripam</span> <span class='ocrx_word' id='word_1_114' title='bbox 1395 901 1651 956; x_wconf 85' lang='lat' dir='ltr'>tempestive</span> 
     </span>
     <span class='ocr_line' id='line_1_15' title="bbox 94 954 1651 1012; baseline 0.003 -16"><span class='ocrx_word' id='word_1_115' title='bbox 94 954 296 996; x_wconf 85' lang='lat' dir='ltr'>collocati</span> <span class='ocrx_word' id='word_1_116' title='bbox 339 955 637 1012; x_wconf 88' lang='lat' dir='ltr'>impediissent</span> <span class='ocrx_word' id='word_1_117' title='bbox 688 956 891 1011; x_wconf 82' lang='lat' dir='ltr'>stupendi</span> <span class='ocrx_word' id='word_1_118' title='bbox 935 955 1053 998; x_wconf 88' lang='lat' dir='ltr'>illius</span> <span class='ocrx_word' id='word_1_119' title='bbox 1098 957 1245 1012; x_wconf 85' lang='lat' dir='ltr'>pontis</span> <span class='ocrx_word' id='word_1_120' title='bbox 1286 962 1559 1009; x_wconf 84' lang='lat' dir='ltr'>structuram,</span> <span class='ocrx_word' id='word_1_121' title='bbox 1603 974 1651 1001; x_wconf 88' lang='lat' dir='ltr'>ac</span> 
     </span>
     <span class='ocr_line' id='line_1_16' title="bbox 98 1012 1650 1073; baseline 0.003 -19"><span class='ocrx_word' id='word_1_122' title='bbox 98 1012 242 1066; x_wconf 90' lang='lat' dir='ltr'>hostes</span> <span class='ocrx_word' id='word_1_123' title='bbox 276 1013 368 1055; x_wconf 92' lang='lat' dir='ltr'>loco</span> <span class='ocrx_word' id='word_1_124' title='bbox 405 1018 448 1055; x_wconf 92' lang='lat' dir='ltr'>et</span> <span class='ocrx_word' id='word_1_125' title='bbox 488 1013 645 1069; x_wconf 90' lang='lat' dir='ltr'>oppido</span> <span class='ocrx_word' id='word_1_126' title='bbox 680 1013 921 1070; x_wconf 87' lang='lat' dir='ltr'>ejecissent.</span> <span class='ocrx_word' id='word_1_127' title='bbox 984 1014 1229 1070; x_wconf 83' lang='lat' dir='ltr'>Carrigiam</span> <span class='ocrx_word' id='word_1_128' title='bbox 1267 1016 1553 1071; x_wconf 88' lang='lat' dir='ltr'>prodiderunt</span> <span class='ocrx_word' id='word_1_129' title='bbox 1574 1018 1650 1073; x_wconf 88' lang='lat' dir='ltr'>qui</span> 
     </span>
     <span class='ocr_line' id='line_1_17' title="bbox 98 1071 1652 1128; baseline 0.003 -16"><span class='ocrx_word' id='word_1_130' title='bbox 98 1071 210 1113; x_wconf 89' lang='lat' dir='ltr'>inibi</span> <span class='ocrx_word' id='word_1_131' title='bbox 243 1075 367 1113; x_wconf 90' lang='lat' dir='ltr'>erant</span> <span class='ocrx_word' id='word_1_132' title='bbox 399 1071 670 1128; x_wconf 87' lang='lat' dir='ltr'>praesidiarii</span> <span class='ocrx_word' id='word_1_133' title='bbox 703 1071 1013 1123; x_wconf 85' lang='lat' dir='ltr'>Protestantes,</span> <span class='ocrx_word' id='word_1_134' title='bbox 1050 1078 1198 1114; x_wconf 86' lang='lat' dir='ltr'>nostra</span> <span class='ocrx_word' id='word_1_135' title='bbox 1231 1088 1332 1115; x_wconf 87' lang='lat' dir='ltr'>vero</span> <span class='ocrx_word' id='word_1_136' title='bbox 1369 1075 1564 1117; x_wconf 77' lang='lat' dir='ltr'>exercitu</span> <span class='ocrx_word' id='word_1_137' title='bbox 1597 1077 1652 1118; x_wconf 90' lang='lat' dir='ltr'>ad</span> 
     </span>
     <span class='ocr_line' id='line_1_18' title="bbox 98 1129 1651 1187; baseline 0.003 -16"><span class='ocrx_word' id='word_1_138' title='bbox 98 1130 440 1185; x_wconf 79' lang='lat' dir='ltr'>expugnandum</span> <span class='ocrx_word' id='word_1_139' title='bbox 471 1129 553 1171; x_wconf 92' lang='lat' dir='ltr'>hoc</span> <span class='ocrx_word' id='word_1_140' title='bbox 588 1129 796 1185; x_wconf 83' lang='lat' dir='ltr'>oppidum</span> <span class='ocrx_word' id='word_1_141' title='bbox 830 1134 978 1185; x_wconf 88' lang='lat' dir='ltr'>postea</span> <span class='ocrx_word' id='word_1_142' title='bbox 1013 1130 1142 1173; x_wconf 88' lang='lat' dir='ltr'>ducto</span> <span class='ocrx_word' id='word_1_143' title='bbox 1192 1131 1304 1187; x_wconf 84' lang='lat' dir='ltr'>jussi</span> <span class='ocrx_word' id='word_1_144' title='bbox 1353 1138 1454 1174; x_wconf 88' lang='lat' dir='ltr'>sunt</span> <span class='ocrx_word' id='word_1_145' title='bbox 1489 1134 1651 1176; x_wconf 86' lang='lat' dir='ltr'>milites</span> 
     </span>
     <span class='ocr_line' id='line_1_19' title="bbox 97 1188 1649 1245; baseline 0.003 -17"><span class='ocrx_word' id='word_1_146' title='bbox 97 1202 295 1244; x_wconf 86' lang='lat' dir='ltr'>pugnare</span> <span class='ocrx_word' id='word_1_147' title='bbox 316 1192 465 1229; x_wconf 89' lang='lat' dir='ltr'>contra</span> <span class='ocrx_word' id='word_1_148' title='bbox 495 1203 641 1229; x_wconf 90' lang='lat' dir='ltr'>muros</span> <span class='ocrx_word' id='word_1_149' title='bbox 674 1193 717 1229; x_wconf 91' lang='lat' dir='ltr'>et</span> <span class='ocrx_word' id='word_1_150' title='bbox 737 1193 922 1230; x_wconf 89' lang='lat' dir='ltr'>armatos</span> <span class='ocrx_word' id='word_1_151' title='bbox 956 1188 1164 1240; x_wconf 90' lang='lat' dir='ltr'>homines,</span> <span class='ocrx_word' id='word_1_152' title='bbox 1187 1190 1271 1245; x_wconf 87' lang='lat' dir='ltr'>ipsi</span> <span class='ocrx_word' id='word_1_153' title='bbox 1302 1189 1394 1232; x_wconf 90' lang='lat' dir='ltr'>sine</span> <span class='ocrx_word' id='word_1_154' title='bbox 1409 1193 1649 1244; x_wconf 89' lang='lat' dir='ltr'>tormentis,</span> 
     </span>
     <span class='ocr_line' id='line_1_20' title="bbox 93 1246 1652 1306; baseline 0.003 -19"><span class='ocrx_word' id='word_1_155' title='bbox 93 1246 236 1296; x_wconf 88' lang='lat' dir='ltr'>scalis,</span> <span class='ocrx_word' id='word_1_156' title='bbox 258 1246 491 1302; x_wconf 85' lang='lat' dir='ltr'>ligonibus,</span> <span class='ocrx_word' id='word_1_157' title='bbox 514 1246 695 1301; x_wconf 89' lang='lat' dir='ltr'>aliisque</span> <span class='ocrx_word' id='word_1_158' title='bbox 710 1246 1010 1288; x_wconf 84' lang='lat' dir='ltr'>instrumentis</span> <span class='ocrx_word' id='word_1_159' title='bbox 1023 1247 1078 1288; x_wconf 87' lang='lat' dir='ltr'>ad</span> <span class='ocrx_word' id='word_1_160' title='bbox 1093 1249 1432 1304; x_wconf 77' lang='lat' dir='ltr'>expugnandum</span> <span class='ocrx_word' id='word_1_161' title='bbox 1445 1250 1652 1306; x_wconf 89' lang='lat' dir='ltr'>oppidum</span> 
     </span>
     <span class='ocr_line' id='line_1_21' title="bbox 98 1303 1648 1365; baseline 0.003 -20"><span class='ocrx_word' id='word_1_162' title='bbox 98 1305 349 1346; x_wconf 89' lang='lat' dir='ltr'>necessariis</span> <span class='ocrx_word' id='word_1_163' title='bbox 365 1321 375 1352; x_wconf 94' lang='lat'>;</span> <span class='ocrx_word' id='word_1_164' title='bbox 408 1304 524 1346; x_wconf 91' lang='lat' dir='ltr'>unde</span> <span class='ocrx_word' id='word_1_165' title='bbox 545 1319 599 1346; x_wconf 78' lang='lat' dir='ltr'>ex</span> <span class='ocrx_word' id='word_1_166' title='bbox 630 1303 718 1345; x_wconf 86' lang='lat' dir='ltr'>illis</span> <span class='ocrx_word' id='word_1_167' title='bbox 755 1320 884 1360; x_wconf 89' lang='lat' dir='ltr'>supra</span> <span class='ocrx_word' id='word_1_168' title='bbox 919 1305 1181 1360; x_wconf 88' lang='lat' dir='ltr'>quingentos</span> <span class='ocrx_word' id='word_1_169' title='bbox 1201 1310 1374 1348; x_wconf 86' lang='lat' dir='ltr'>strenue</span> <span class='ocrx_word' id='word_1_170' title='bbox 1395 1307 1498 1348; x_wconf 89' lang='lat' dir='ltr'>dum</span> <span class='ocrx_word' id='word_1_171' title='bbox 1537 1324 1648 1365; x_wconf 87' lang='lat' dir='ltr'>pug-</span> 
     </span>
     <span class='ocr_line' id='line_1_22' title="bbox 101 1362 1651 1420; baseline 0.003 -17"><span class='ocrx_word' id='word_1_172' title='bbox 101 1367 259 1403; x_wconf 87' lang='lat' dir='ltr'>narent</span> <span class='ocrx_word' id='word_1_173' title='bbox 278 1362 583 1413; x_wconf 87' lang='lat' dir='ltr'>occubuerunt,</span> <span class='ocrx_word' id='word_1_174' title='bbox 601 1377 700 1404; x_wconf 92' lang='lat' dir='ltr'>cum</span> <span class='ocrx_word' id='word_1_175' title='bbox 713 1368 858 1404; x_wconf 88' lang='lat' dir='ltr'>tamen</span> <span class='ocrx_word' id='word_1_176' title='bbox 870 1378 1003 1419; x_wconf 90' lang='lat' dir='ltr'>prope</span> <span class='ocrx_word' id='word_1_177' title='bbox 1017 1363 1317 1419; x_wconf 84' lang='lat' dir='ltr'>Thomapolim</span> <span class='ocrx_word' id='word_1_178' title='bbox 1331 1365 1498 1420; x_wconf 85' lang='lat' dir='ltr'>pedites</span> <span class='ocrx_word' id='word_1_179' title='bbox 1514 1367 1651 1408; x_wconf 91' lang='lat' dir='ltr'>nostri</span> 
     </span>
     <span class='ocr_line' id='line_1_23' title="bbox 101 1420 1652 1480; baseline 0.003 -19"><span class='ocrx_word' id='word_1_180' title='bbox 101 1420 185 1461; x_wconf 92' lang='lat' dir='ltr'>duo</span> <span class='ocrx_word' id='word_1_181' title='bbox 221 1420 276 1461; x_wconf 87' lang='lat' dir='ltr'>ad</span> <span class='ocrx_word' id='word_1_182' title='bbox 308 1436 445 1462; x_wconf 88' lang='lat' dir='ltr'>unum</span> <span class='ocrx_word' id='word_1_183' title='bbox 477 1436 533 1461; x_wconf 82' lang='lat' dir='ltr'>ex</span> <span class='ocrx_word' id='word_1_184' title='bbox 559 1420 767 1472; x_wconf 88' lang='lat' dir='ltr'>hostibus,</span> <span class='ocrx_word' id='word_1_185' title='bbox 802 1421 998 1462; x_wconf 87' lang='lat' dir='ltr'>veterani</span> <span class='ocrx_word' id='word_1_186' title='bbox 1018 1436 1067 1463; x_wconf 90' lang='lat' dir='ltr'>ac</span> <span class='ocrx_word' id='word_1_187' title='bbox 1099 1422 1269 1477; x_wconf 91' lang='lat' dir='ltr'>probati</span> <span class='ocrx_word' id='word_1_188' title='bbox 1297 1423 1459 1465; x_wconf 88' lang='lat' dir='ltr'>milites</span> <span class='ocrx_word' id='word_1_189' title='bbox 1478 1439 1652 1480; x_wconf 86' lang='lat' dir='ltr'>pugnae</span> 
     </span>
     <span class='ocr_line' id='line_1_24' title="bbox 99 1477 1652 1534; baseline 0.003 -15"><span class='ocrx_word' id='word_1_190' title='bbox 99 1477 276 1519; x_wconf 90' lang='lat' dir='ltr'>omnino</span> <span class='ocrx_word' id='word_1_191' title='bbox 304 1479 432 1529; x_wconf 89' lang='lat' dir='ltr'>avidi,</span> <span class='ocrx_word' id='word_1_192' title='bbox 470 1478 646 1520; x_wconf 78' lang='lat' dir='ltr'>favente</span> <span class='ocrx_word' id='word_1_193' title='bbox 678 1478 766 1520; x_wconf 87' lang='lat' dir='ltr'>illis</span> <span class='ocrx_word' id='word_1_194' title='bbox 798 1479 986 1520; x_wconf 83' lang='lat' dir='ltr'>multum</span> <span class='ocrx_word' id='word_1_195' title='bbox 1013 1486 1163 1521; x_wconf 86' lang='lat' dir='ltr'>contra</span> <span class='ocrx_word' id='word_1_196' title='bbox 1181 1480 1351 1522; x_wconf 86' lang='lat' dir='ltr'>hostem</span> <span class='ocrx_word' id='word_1_197' title='bbox 1385 1481 1469 1523; x_wconf 92' lang='lat' dir='ltr'>loci</span> <span class='ocrx_word' id='word_1_198' title='bbox 1505 1483 1603 1534; x_wconf 87' lang='lat' dir='ltr'>situ,</span> <span class='ocrx_word' id='word_1_199' title='bbox 1627 1499 1652 1524; x_wconf 90' lang='lat' dir='ltr'>a</span> 
     </span>
     <span class='ocr_line' id='line_1_25' title="bbox 97 1536 1650 1594; baseline 0.003 -17"><span class='ocrx_word' id='word_1_200' title='bbox 97 1536 334 1592; x_wconf 87' lang='lat' dir='ltr'>pugnando</span> <span class='ocrx_word' id='word_1_201' title='bbox 348 1536 515 1588; x_wconf 66' lang='lat' dir='ltr'>fuerint</span> <span class='ocrx_word' id='word_1_202' title='bbox 534 1536 745 1592; x_wconf 84' lang='lat' dir='ltr'>prohibiti</span> <span class='ocrx_word' id='word_1_203' title='bbox 762 1552 772 1588; x_wconf 90' lang='lat'>;</span> <span class='ocrx_word' id='word_1_204' title='bbox 805 1538 919 1578; x_wconf 90' lang='lat' dir='ltr'>unde</span> <span class='ocrx_word' id='word_1_205' title='bbox 939 1537 1063 1579; x_wconf 91' lang='lat' dir='ltr'>miles</span> <span class='ocrx_word' id='word_1_206' title='bbox 1085 1542 1128 1579; x_wconf 88' lang='lat' dir='ltr'>et</span> <span class='ocrx_word' id='word_1_207' title='bbox 1147 1538 1333 1594; x_wconf 90' lang='lat' dir='ltr'>populus</span> <span class='ocrx_word' id='word_1_208' title='bbox 1354 1539 1543 1582; x_wconf 87' lang='lat' dir='ltr'>multum</span> <span class='ocrx_word' id='word_1_209' title='bbox 1562 1541 1650 1583; x_wconf 75' lang='lat' dir='ltr'>fuit</span> 
     </span>
     <span class='ocr_line' id='line_1_26' title="bbox 94 1594 1650 1650; baseline 0.004 -15"><span class='ocrx_word' id='word_1_210' title='bbox 94 1594 397 1636; x_wconf 74' lang='lat' dir='ltr'>exanimatus:</span> <span class='ocrx_word' id='word_1_211' title='bbox 430 1599 578 1650; x_wconf 87' lang='lat' dir='ltr'>postea</span> <span class='ocrx_word' id='word_1_212' title='bbox 617 1594 752 1636; x_wconf 87' lang='lat' dir='ltr'>hostis</span> <span class='ocrx_word' id='word_1_213' title='bbox 787 1595 911 1650; x_wconf 83' lang='lat' dir='ltr'>quasi</span> <span class='ocrx_word' id='word_1_214' title='bbox 949 1595 1233 1638; x_wconf 89' lang='lat' dir='ltr'>inundatione</span> <span class='ocrx_word' id='word_1_215' title='bbox 1267 1596 1384 1638; x_wconf 76' lang='lat' dir='ltr'>facta</span> <span class='ocrx_word' id='word_1_216' title='bbox 1411 1598 1572 1640; x_wconf 78' lang='lat' dir='ltr'>invasit</span> <span class='ocrx_word' id='word_1_217' title='bbox 1607 1607 1650 1641; x_wconf 88' lang='lat' dir='ltr'>et</span> 
     </span>
     <span class='ocr_line' id='line_1_27' title="bbox 99 1652 1652 1708; baseline 0.003 -14"><span class='ocrx_word' id='word_1_218' title='bbox 99 1652 326 1708; x_wconf 87' lang='lat' dir='ltr'>occupavit</span> <span class='ocrx_word' id='word_1_219' title='bbox 361 1652 612 1703; x_wconf 82' lang='lat' dir='ltr'>Callaniani,</span> <span class='ocrx_word' id='word_1_220' title='bbox 650 1652 916 1704; x_wconf 87' lang='lat' dir='ltr'>Fidardiam,</span> <span class='ocrx_word' id='word_1_221' title='bbox 952 1653 1188 1705; x_wconf 87' lang='lat' dir='ltr'>Cassiliam‚</span> <span class='ocrx_word' id='word_1_222' title='bbox 1212 1654 1458 1706; x_wconf 84' lang='lat' dir='ltr'>KiUociam,</span> <span class='ocrx_word' id='word_1_223' title='bbox 1482 1663 1525 1698; x_wconf 90' lang='lat' dir='ltr'>et</span> <span class='ocrx_word' id='word_1_224' title='bbox 1547 1657 1652 1699; x_wconf 84' lang='lat' dir='ltr'>alias</span> 
     </span>
     <span class='ocr_line' id='line_1_28' title="bbox 104 1711 1652 1769; baseline 0.003 -16"><span class='ocrx_word' id='word_1_225' title='bbox 104 1711 411 1764; x_wconf 72' lang='lat' dir='ltr'>Corporationes</span> <span class='ocrx_word' id='word_1_226' title='bbox 432 1715 476 1753; x_wconf 91' lang='lat' dir='ltr'>et</span> <span class='ocrx_word' id='word_1_227' title='bbox 496 1711 653 1767; x_wconf 91' lang='lat' dir='ltr'>oppida</span> <span class='ocrx_word' id='word_1_228' title='bbox 673 1711 789 1752; x_wconf 83' lang='lat' dir='ltr'>intra</span> <span class='ocrx_word' id='word_1_229' title='bbox 818 1711 1062 1767; x_wconf 87' lang='lat' dir='ltr'>provincias</span> <span class='ocrx_word' id='word_1_230' title='bbox 1093 1712 1312 1769; x_wconf 88' lang='lat' dir='ltr'>Lageniae</span> <span class='ocrx_word' id='word_1_231' title='bbox 1344 1719 1386 1755; x_wconf 91' lang='lat' dir='ltr'>et</span> <span class='ocrx_word' id='word_1_232' title='bbox 1407 1714 1652 1758; x_wconf 86' lang='lat' dir='ltr'>Momoniae</span> 
     </span>
     <span class='ocr_line' id='line_1_29' title="bbox 99 1768 1648 1825; baseline 0.004 -15"><span class='ocrx_word' id='word_1_233' title='bbox 99 1769 182 1810; x_wconf 87' lang='lat' dir='ltr'>sita</span> <span class='ocrx_word' id='word_1_234' title='bbox 222 1773 265 1811; x_wconf 90' lang='lat' dir='ltr'>et</span> <span class='ocrx_word' id='word_1_235' title='bbox 304 1768 491 1825; x_wconf 89' lang='lat' dir='ltr'>patriam</span> <span class='ocrx_word' id='word_1_236' title='bbox 530 1770 644 1811; x_wconf 89' lang='lat' dir='ltr'>circa</span> <span class='ocrx_word' id='word_1_237' title='bbox 682 1769 759 1811; x_wconf 90' lang='lat' dir='ltr'>illa</span> <span class='ocrx_word' id='word_1_238' title='bbox 798 1769 891 1812; x_wconf 89' lang='lat' dir='ltr'>loca</span> <span class='ocrx_word' id='word_1_239' title='bbox 930 1774 1067 1811; x_wconf 89' lang='lat' dir='ltr'>totam</span> <span class='ocrx_word' id='word_1_240' title='bbox 1096 1770 1202 1813; x_wconf 76' lang='lat' dir='ltr'>fecit</span> <span class='ocrx_word' id='word_1_241' title='bbox 1250 1771 1333 1813; x_wconf 90' lang='lat' dir='ltr'>sibi</span> <span class='ocrx_word' id='word_1_242' title='bbox 1362 1773 1648 1816; x_wconf 82' lang='lat' dir='ltr'>tributariam.</span> 
     </span>
     <span class='ocr_line' id='line_1_30' title="bbox 100 1826 1649 1885; baseline 0.003 -17"><span class='ocrx_word' id='word_1_243' title='bbox 100 1826 238 1883; x_wconf 86' lang='lat' dir='ltr'>Capta</span> <span class='ocrx_word' id='word_1_244' title='bbox 277 1826 433 1869; x_wconf 89' lang='lat' dir='ltr'>deinde</span> <span class='ocrx_word' id='word_1_245' title='bbox 491 1826 727 1883; x_wconf 86' lang='lat' dir='ltr'>Loghlinia</span> <span class='ocrx_word' id='word_1_246' title='bbox 777 1832 820 1869; x_wconf 89' lang='lat' dir='ltr'>et</span> <span class='ocrx_word' id='word_1_247' title='bbox 874 1827 1127 1878; x_wconf 81' lang='lat' dir='ltr'>Kilkennia,</span> <span class='ocrx_word' id='word_1_248' title='bbox 1182 1834 1331 1885; x_wconf 89' lang='lat' dir='ltr'>postea</span> <span class='ocrx_word' id='word_1_249' title='bbox 1381 1830 1649 1883; x_wconf 80' lang='lat' dir='ltr'>Olonmellia‚</span> 
     </span>
     <span class='ocr_line' id='line_1_31' title="bbox 99 1885 1652 1943; baseline 0.004 -17"><span class='ocrx_word' id='word_1_250' title='bbox 99 1900 188 1927; x_wconf 91' lang='lat' dir='ltr'>non</span> <span class='ocrx_word' id='word_1_251' title='bbox 207 1889 354 1927; x_wconf 88' lang='lat' dir='ltr'>tamen</span> <span class='ocrx_word' id='word_1_252' title='bbox 386 1886 478 1927; x_wconf 90' lang='lat' dir='ltr'>sine</span> <span class='ocrx_word' id='word_1_253' title='bbox 507 1886 774 1942; x_wconf 88' lang='lat' dir='ltr'>oppositione</span> <span class='ocrx_word' id='word_1_254' title='bbox 807 1890 850 1927; x_wconf 88' lang='lat' dir='ltr'>et</span> <span class='ocrx_word' id='word_1_255' title='bbox 876 1885 1068 1928; x_wconf 91' lang='lat' dir='ltr'>hostium</span> <span class='ocrx_word' id='word_1_256' title='bbox 1098 1888 1153 1928; x_wconf 88' lang='lat' dir='ltr'>ad</span> <span class='ocrx_word' id='word_1_257' title='bbox 1180 1888 1264 1929; x_wconf 88' lang='lat' dir='ltr'>duo</span> <span class='ocrx_word' id='word_1_258' title='bbox 1297 1888 1482 1943; x_wconf 88' lang='lat' dir='ltr'>amplius</span> <span class='ocrx_word' id='word_1_259' title='bbox 1513 1890 1652 1932; x_wconf 89' lang='lat' dir='ltr'>millia</span> 
     </span>
     <span class='ocr_line' id='line_1_32' title="bbox 93 1942 1650 2002; baseline 0.004 -18"><span class='ocrx_word' id='word_1_260' title='bbox 93 1943 232 1994; x_wconf 87' lang='lat' dir='ltr'>clade,</span> <span class='ocrx_word' id='word_1_261' title='bbox 254 1942 371 1985; x_wconf 80' lang='lat' dir='ltr'>facta</span> <span class='ocrx_word' id='word_1_262' title='bbox 392 1943 560 2000; x_wconf 89' lang='lat' dir='ltr'>saepius</span> <span class='ocrx_word' id='word_1_263' title='bbox 579 1944 634 1985; x_wconf 91' lang='lat' dir='ltr'>ad</span> <span class='ocrx_word' id='word_1_264' title='bbox 664 1943 758 1994; x_wconf 90' lang='lat' dir='ltr'>hoc,</span> <span class='ocrx_word' id='word_1_265' title='bbox 796 1959 1028 1999; x_wconf 87' lang='lat' dir='ltr'>ageneroso</span> <span class='ocrx_word' id='word_1_266' title='bbox 1052 1945 1128 2000; x_wconf 89' lang='lat' dir='ltr'>qui</span> <span class='ocrx_word' id='word_1_267' title='bbox 1148 1945 1198 2002; x_wconf 85' lang='grc'>111</span> <span class='ocrx_word' id='word_1_268' title='bbox 1229 1947 1443 2001; x_wconf 90' lang='lat' dir='ltr'>praesidio</span> <span class='ocrx_word' id='word_1_269' title='bbox 1474 1952 1578 1999; x_wconf 87' lang='lat' dir='ltr'>erat,</span> <span class='ocrx_word' id='word_1_270' title='bbox 1601 1964 1650 1990; x_wconf 89' lang='lat' dir='ltr'>ac</span> 
     </span>
     <span class='ocr_line' id='line_1_33' title="bbox 102 2001 1651 2062; baseline 0.003 -19"><span class='ocrx_word' id='word_1_271' title='bbox 102 2007 276 2044; x_wconf 91' lang='lat' dir='ltr'>strenuo</span> <span class='ocrx_word' id='word_1_272' title='bbox 299 2001 521 2045; x_wconf 84' lang='lat' dir='ltr'>Catholico</span> <span class='ocrx_word' id='word_1_273' title='bbox 540 2001 680 2043; x_wconf 90' lang='lat' dir='ltr'>milite</span> <span class='ocrx_word' id='word_1_274' title='bbox 701 2003 965 2053; x_wconf 78' lang='lat' dir='ltr'>excursione,</span> <span class='ocrx_word' id='word_1_275' title='bbox 990 2003 1254 2045; x_wconf 86' lang='lat' dir='ltr'>Tecrohania</span> <span class='ocrx_word' id='word_1_276' title='bbox 1275 2009 1319 2046; x_wconf 90' lang='lat' dir='ltr'>et</span> <span class='ocrx_word' id='word_1_277' title='bbox 1341 2003 1651 2062; x_wconf 84' lang='lat' dir='ltr'>Catherlagum</span> 
     </span>
     <span class='ocr_line' id='line_1_34' title="bbox 100 2059 1648 2117; baseline 0.004 -17"><span class='ocrx_word' id='word_1_278' title='bbox 100 2059 185 2101; x_wconf 89' lang='lat' dir='ltr'>duo</span> <span class='ocrx_word' id='word_1_279' title='bbox 205 2059 442 2101; x_wconf 80' lang='lat' dir='ltr'>fortissima</span> <span class='ocrx_word' id='word_1_280' title='bbox 461 2059 680 2116; x_wconf 89' lang='lat' dir='ltr'>Lageniae</span> <span class='ocrx_word' id='word_1_281' title='bbox 699 2060 1025 2116; x_wconf 87' lang='lat' dir='ltr'>propugnacula</span> <span class='ocrx_word' id='word_1_282' title='bbox 1046 2066 1295 2117; x_wconf 80' lang='lat' dir='ltr'>expugnata</span> <span class='ocrx_word' id='word_1_283' title='bbox 1316 2068 1417 2103; x_wconf 89' lang='lat' dir='ltr'>sunt</span> <span class='ocrx_word' id='word_1_284' title='bbox 1433 2068 1476 2104; x_wconf 92' lang='lat' dir='ltr'>et</span> <span class='ocrx_word' id='word_1_285' title='bbox 1491 2064 1648 2115; x_wconf 89' lang='lat' dir='ltr'>dedita,</span> 
     </span>
     <span class='ocr_line' id='line_1_35' title="bbox 94 2116 1652 2178; baseline 0.003 -19"><span class='ocrx_word' id='word_1_286' title='bbox 94 2124 145 2160; x_wconf 75' lang='lat' dir='ltr'>et</span> <span class='ocrx_word' id='word_1_287' title='bbox 163 2116 263 2160; x_wconf 85' lang='lat' dir='ltr'>Arx</span> <span class='ocrx_word' id='word_1_288' title='bbox 283 2118 573 2160; x_wconf 85' lang='lat' dir='ltr'>Tecrohaniae</span> <span class='ocrx_word' id='word_1_289' title='bbox 608 2121 676 2168; x_wconf 89' lang='lat' dir='ltr'>(ut</span> <span class='ocrx_word' id='word_1_290' title='bbox 710 2118 763 2160; x_wconf 89' lang='lat' dir='ltr'>de</span> <span class='ocrx_word' id='word_1_291' title='bbox 795 2118 892 2160; x_wconf 87' lang='lat' dir='ltr'>aliis</span> <span class='ocrx_word' id='word_1_292' title='bbox 923 2119 971 2160; x_wconf 90' lang='lat' dir='ltr'>in</span> <span class='ocrx_word' id='word_1_293' title='bbox 1001 2119 1219 2175; x_wconf 85' lang='lat' dir='ltr'>praesenti</span> <span class='ocrx_word' id='word_1_294' title='bbox 1252 2120 1366 2161; x_wconf 87' lang='lat' dir='ltr'>nihil</span> <span class='ocrx_word' id='word_1_295' title='bbox 1386 2120 1571 2178; x_wconf 89' lang='lat' dir='ltr'>dicatur)</span> <span class='ocrx_word' id='word_1_296' title='bbox 1597 2139 1652 2165; x_wconf 80' lang='lat' dir='ltr'>ex</span> 
     </span>
     <span class='ocr_line' id='line_1_36' title="bbox 99 2175 1651 2233; baseline 0.003 -16"><span class='ocrx_word' id='word_1_297' title='bbox 99 2175 297 2232; x_wconf 76' lang='lat' dir='ltr'>pror-egis</span> <span class='ocrx_word' id='word_1_298' title='bbox 316 2176 508 2233; x_wconf 84' lang='lat' dir='ltr'>jussione</span> <span class='ocrx_word' id='word_1_299' title='bbox 528 2176 690 2218; x_wconf 86' lang='lat' dir='ltr'>tradita</span> <span class='ocrx_word' id='word_1_300' title='bbox 725 2180 817 2227; x_wconf 85' lang='lat' dir='ltr'>est3</span> <span class='ocrx_word' id='word_1_301' title='bbox 849 2176 1148 2219; x_wconf 77' lang='lat' dir='ltr'>Waterfordia</span> <span class='ocrx_word' id='word_1_302' title='bbox 1179 2178 1371 2233; x_wconf 85' lang='lat' dir='ltr'>undique</span> <span class='ocrx_word' id='word_1_303' title='bbox 1403 2179 1571 2222; x_wconf 89' lang='lat' dir='ltr'>obsessa</span> <span class='ocrx_word' id='word_1_304' title='bbox 1602 2181 1651 2223; x_wconf 89' lang='lat' dir='ltr'>in</span> 
     </span>
     <span class='ocr_line' id='line_1_37' title="bbox 100 2233 1651 2292; baseline 0.004 -17"><span class='ocrx_word' id='word_1_305' title='bbox 100 2233 258 2276; x_wconf 87' lang='lat' dir='ltr'>misera</span> <span class='ocrx_word' id='word_1_306' title='bbox 297 2234 555 2276; x_wconf 89' lang='lat' dir='ltr'>conditione.</span> <span class='ocrx_word' id='word_1_307' title='bbox 643 2234 741 2276; x_wconf 82' lang='lat' dir='ltr'>Arx</span> <span class='ocrx_word' id='word_1_308' title='bbox 800 2234 1105 2285; x_wconf 86' lang='lat' dir='ltr'>Dunkanania‚</span> <span class='ocrx_word' id='word_1_309' title='bbox 1161 2236 1288 2292; x_wconf 90' lang='lat' dir='ltr'>regni</span> <span class='ocrx_word' id='word_1_310' title='bbox 1338 2236 1483 2287; x_wconf 85' lang='lat' dir='ltr'>clavis,</span> <span class='ocrx_word' id='word_1_311' title='bbox 1535 2238 1651 2281; x_wconf 90' lang='lat' dir='ltr'>nihil</span> 
     </span>
     <span class='ocr_line' id='line_1_38' title="bbox 103 2291 1650 2350; baseline 0.004 -17"><span class='ocrx_word' id='word_1_312' title='bbox 103 2291 284 2333; x_wconf 86' lang='lat' dir='ltr'>subsidii</span> <span class='ocrx_word' id='word_1_313' title='bbox 304 2293 468 2349; x_wconf 90' lang='lat' dir='ltr'>accepit</span> <span class='ocrx_word' id='word_1_314' title='bbox 487 2292 581 2349; x_wconf 83' lang='lat' dir='ltr'>jam</span> <span class='ocrx_word' id='word_1_315' title='bbox 599 2292 700 2334; x_wconf 90' lang='lat' dir='ltr'>inde</span> <span class='ocrx_word' id='word_1_316' title='bbox 721 2308 746 2334; x_wconf 90' lang='lat' dir='ltr'>a</span> <span class='ocrx_word' id='word_1_317' title='bbox 761 2293 899 2349; x_wconf 90' lang='lat' dir='ltr'>primo</span> <span class='ocrx_word' id='word_1_318' title='bbox 921 2293 990 2335; x_wconf 93' lang='lat' dir='ltr'>die</span> <span class='ocrx_word' id='word_1_319' title='bbox 1012 2293 1242 2350; x_wconf 90' lang='lat' dir='ltr'>superioris</span> <span class='ocrx_word' id='word_1_320' title='bbox 1262 2294 1514 2338; x_wconf 87' lang='lat' dir='ltr'>Decembris</span> <span class='ocrx_word' id='word_1_321' title='bbox 1535 2298 1650 2340; x_wconf 89' lang='lat' dir='ltr'>unde</span> 
     </span>
     <span class='ocr_line' id='line_1_39' title="bbox 94 2350 960 2406; baseline 0.001 -15"><span class='ocrx_word' id='word_1_322' title='bbox 94 2350 226 2406; x_wconf 46' lang='lat' dir='ltr'>*quasi</span> <span class='ocrx_word' id='word_1_323' title='bbox 244 2350 449 2393; x_wconf 91' lang='lat' dir='ltr'>derelicta</span> <span class='ocrx_word' id='word_1_324' title='bbox 469 2355 534 2393; x_wconf 89' lang='lat' dir='ltr'>est</span> <span class='ocrx_word' id='word_1_325' title='bbox 553 2355 603 2392; x_wconf 93' lang='lat' dir='ltr'>ut</span> <span class='ocrx_word' id='word_1_326' title='bbox 622 2350 738 2393; x_wconf 90' lang='lat' dir='ltr'>hosti</span> <span class='ocrx_word' id='word_1_327' title='bbox 752 2351 960 2393; x_wconf 87' lang='lat' dir='ltr'>tradatur.</span> 
     </span>
    </p>

    <p class='ocr_par' dir='ltr' id='par_1_3' title="bbox 97 2408 1652 2873">
     <span class='ocr_line' id='line_1_40' title="bbox 191 2408 1649 2467; baseline 0.004 -17"><span class='ocrx_word' id='word_1_328' title='bbox 191 2409 266 2450; x_wconf 75' lang='grc' dir='ltr'>10Ο</span> <span class='ocrx_word' id='word_1_329' title='bbox 297 2408 502 2459; x_wconf 91' lang='lat' dir='ltr'>Praelati,</span> <span class='ocrx_word' id='word_1_330' title='bbox 543 2413 640 2465; x_wconf 88' lang='lat' dir='ltr'>post</span> <span class='ocrx_word' id='word_1_331' title='bbox 678 2424 950 2451; x_wconf 86' lang='lat' dir='ltr'>numerosam</span> <span class='ocrx_word' id='word_1_332' title='bbox 981 2408 1102 2451; x_wconf 90' lang='lat' dir='ltr'>illam</span> <span class='ocrx_word' id='word_1_333' title='bbox 1133 2411 1515 2467; x_wconf 85' lang='lat' dir='ltr'>congregationem</span> <span class='ocrx_word' id='word_1_334' title='bbox 1541 2412 1649 2456; x_wconf 88' lang='lat' dir='ltr'>cele—</span> 
     </span>
     <span class='ocr_line' id='line_1_41' title="bbox 99 2466 1650 2526; baseline 0.004 -19"><span class='ocrx_word' id='word_1_335' title='bbox 99 2466 270 2508; x_wconf 88' lang='lat' dir='ltr'>bratam</span> <span class='ocrx_word' id='word_1_336' title='bbox 310 2467 426 2523; x_wconf 91' lang='lat' dir='ltr'>apud</span> <span class='ocrx_word' id='word_1_337' title='bbox 460 2467 829 2510; x_wconf 80' lang='lat' dir='ltr'>Olonmacnosiam</span> <span class='ocrx_word' id='word_1_338' title='bbox 873 2466 966 2522; x_wconf 88' lang='lat' dir='ltr'>(ubi</span> <span class='ocrx_word' id='word_1_339' title='bbox 1006 2468 1241 2510; x_wconf 88' lang='lat' dir='ltr'>emiserunt</span> <span class='ocrx_word' id='word_1_340' title='bbox 1292 2470 1478 2526; x_wconf 89' lang='lat' dir='ltr'>amplam</span> <span class='ocrx_word' id='word_1_341' title='bbox 1529 2486 1650 2513; x_wconf 90' lang='lat' dir='ltr'>suam</span> 
     </span>
     <span class='ocr_line' id='line_1_42' title="bbox 103 2524 1648 2585; baseline 0.003 -19"><span class='ocrx_word' id='word_1_342' title='bbox 103 2524 436 2567; x_wconf 88' lang='lat' dir='ltr'>declarationem</span> <span class='ocrx_word' id='word_1_343' title='bbox 455 2530 603 2581; x_wconf 89' lang='lat' dir='ltr'>postea</span> <span class='ocrx_word' id='word_1_344' title='bbox 622 2525 739 2582; x_wconf 85' lang='lat' dir='ltr'>typis</span> <span class='ocrx_word' id='word_1_345' title='bbox 751 2526 1000 2567; x_wconf 88' lang='lat' dir='ltr'>mandatam</span> <span class='ocrx_word' id='word_1_346' title='bbox 1020 2541 1097 2581; x_wconf 89' lang='lat' dir='ltr'>pro</span> <span class='ocrx_word' id='word_1_347' title='bbox 1119 2526 1294 2569; x_wconf 87' lang='lat' dir='ltr'>servitio</span> <span class='ocrx_word' id='word_1_348' title='bbox 1313 2527 1451 2584; x_wconf 85' lang='lat' dir='ltr'>Regis</span> <span class='ocrx_word' id='word_1_349' title='bbox 1480 2544 1648 2585; x_wconf 91' lang='lat' dir='ltr'>promo-</span> 
     </span>
     <span class='ocr_line' id='line_1_43' title="bbox 103 2582 1648 2640; baseline 0.003 -16"><span class='ocrx_word' id='word_1_350' title='bbox 103 2582 259 2638; x_wconf 88' lang='lat' dir='ltr'>vendo)</span> <span class='ocrx_word' id='word_1_351' title='bbox 291 2598 345 2624; x_wconf 83' lang='lat' dir='ltr'>ex</span> <span class='ocrx_word' id='word_1_352' title='bbox 379 2588 476 2639; x_wconf 89' lang='lat' dir='ltr'>post</span> <span class='ocrx_word' id='word_1_353' title='bbox 524 2583 732 2640; x_wconf 90' lang='lat' dir='ltr'>plurimos</span> <span class='ocrx_word' id='word_1_354' title='bbox 768 2583 874 2625; x_wconf 88' lang='lat' dir='ltr'>alios</span> <span class='ocrx_word' id='word_1_355' title='bbox 912 2583 1091 2635; x_wconf 88' lang='lat' dir='ltr'>labores,</span> <span class='ocrx_word' id='word_1_356' title='bbox 1128 2589 1366 2628; x_wconf 83' lang='lat' dir='ltr'>conventus</span> <span class='ocrx_word' id='word_1_357' title='bbox 1404 2591 1448 2628; x_wconf 90' lang='lat' dir='ltr'>et</span> <span class='ocrx_word' id='word_1_358' title='bbox 1480 2588 1648 2630; x_wconf 89' lang='lat' dir='ltr'>consul-</span> 
     </span>
     <span class='ocr_line' id='line_1_44' title="bbox 104 2639 1650 2701; baseline 0.004 -19"><span class='ocrx_word' id='word_1_359' title='bbox 104 2639 301 2692; x_wconf 84' lang='lat' dir='ltr'>tationes,</span> <span class='ocrx_word' id='word_1_360' title='bbox 324 2640 370 2682; x_wconf 92' lang='lat' dir='ltr'>in</span> <span class='ocrx_word' id='word_1_361' title='bbox 391 2641 549 2697; x_wconf 90' lang='lat' dir='ltr'>quibus</span> <span class='ocrx_word' id='word_1_362' title='bbox 580 2657 701 2683; x_wconf 88' lang='lat' dir='ltr'>suam</span> <span class='ocrx_word' id='word_1_363' title='bbox 733 2642 903 2684; x_wconf 89' lang='lat' dir='ltr'>abunde</span> <span class='ocrx_word' id='word_1_364' title='bbox 935 2648 1240 2698; x_wconf 80' lang='lat' dir='ltr'>expresserunt</span> <span class='ocrx_word' id='word_1_365' title='bbox 1273 2643 1574 2701; x_wconf 87' lang='lat' dir='ltr'>integritatem</span> <span class='ocrx_word' id='word_1_366' title='bbox 1606 2651 1650 2688; x_wconf 91' lang='lat' dir='ltr'>et</span> 
     </span>
     <span class='ocr_line' id='line_1_45' title="bbox 97 2698 1652 2759; baseline 0.004 -19"><span class='ocrx_word' id='word_1_367' title='bbox 97 2698 389 2750; x_wconf 81' lang='lat' dir='ltr'>sedulitatem,</span> <span class='ocrx_word' id='word_1_368' title='bbox 410 2714 684 2756; x_wconf 86' lang='lat' dir='ltr'>nequaquam</span> <span class='ocrx_word' id='word_1_369' title='bbox 704 2705 850 2741; x_wconf 87' lang='lat' dir='ltr'>tamen</span> <span class='ocrx_word' id='word_1_370' title='bbox 870 2715 896 2741; x_wconf 90' lang='lat' dir='ltr'>a</span> <span class='ocrx_word' id='word_1_371' title='bbox 931 2715 1006 2741; x_wconf 89' lang='lat' dir='ltr'>sua</span> <span class='ocrx_word' id='word_1_372' title='bbox 1039 2700 1311 2743; x_wconf 86' lang='lat' dir='ltr'>Excellentia</span> <span class='ocrx_word' id='word_1_373' title='bbox 1343 2701 1528 2759; x_wconf 81' lang='lat' dir='ltr'>judicati</span> <span class='ocrx_word' id='word_1_374' title='bbox 1549 2709 1652 2746; x_wconf 90' lang='lat' dir='ltr'>sunt</span> 
     </span>
     <span class='ocr_line' id='line_1_46' title="bbox 105 2758 1650 2819; baseline 0.004 -21"><span class='ocrx_word' id='word_1_375' title='bbox 105 2771 238 2807; x_wconf 84' lang='lat' dir='ltr'>suam,</span> <span class='ocrx_word' id='word_1_376' title='bbox 273 2760 323 2798; x_wconf 88' lang='lat' dir='ltr'>ut</span> <span class='ocrx_word' id='word_1_377' title='bbox 353 2772 432 2813; x_wconf 89' lang='lat' dir='ltr'>par</span> <span class='ocrx_word' id='word_1_378' title='bbox 467 2762 573 2810; x_wconf 89' lang='lat' dir='ltr'>erat,</span> <span class='ocrx_word' id='word_1_379' title='bbox 605 2758 866 2814; x_wconf 88' lang='lat' dir='ltr'>impendisse</span> <span class='ocrx_word' id='word_1_380' title='bbox 898 2773 1083 2814; x_wconf 89' lang='lat' dir='ltr'>operam,</span> <span class='ocrx_word' id='word_1_381' title='bbox 1117 2759 1165 2801; x_wconf 91' lang='lat' dir='ltr'>in</span> <span class='ocrx_word' id='word_1_382' title='bbox 1195 2761 1485 2816; x_wconf 88' lang='lat' dir='ltr'>promovendo</span> <span class='ocrx_word' id='word_1_383' title='bbox 1512 2760 1650 2819; x_wconf 87' lang='lat' dir='ltr'>Regis</span> 
     </span>
     <span class='ocr_line' id='line_1_47' title="bbox 98 2814 1652 2873; baseline 0.005 -17"><span class='ocrx_word' id='word_1_384' title='bbox 98 2814 294 2866; x_wconf 79' lang='lat' dir='ltr'>servitio,</span> <span class='ocrx_word' id='word_1_385' title='bbox 317 2815 392 2857; x_wconf 89' lang='lat' dir='ltr'>sed</span> <span class='ocrx_word' id='word_1_386' title='bbox 411 2815 555 2872; x_wconf 90' lang='lat' dir='ltr'>potius</span> <span class='ocrx_word' id='word_1_387' title='bbox 577 2815 622 2858; x_wconf 89' lang='lat' dir='ltr'>in</span> <span class='ocrx_word' id='word_1_388' title='bbox 661 2815 946 2873; x_wconf 86' lang='lat' dir='ltr'>suspicionem</span> <span class='ocrx_word' id='word_1_389' title='bbox 962 2822 1005 2858; x_wconf 88' lang='lat' dir='ltr'>et</span> <span class='ocrx_word' id='word_1_390' title='bbox 1040 2816 1212 2873; x_wconf 86' lang='lat' dir='ltr'>culpam</span> <span class='ocrx_word' id='word_1_391' title='bbox 1238 2818 1392 2869; x_wconf 87' lang='lat' dir='ltr'>vocati,</span> <span class='ocrx_word' id='word_1_392' title='bbox 1413 2824 1463 2861; x_wconf 90' lang='lat' dir='ltr'>ut</span> <span class='ocrx_word' id='word_1_393' title='bbox 1483 2825 1652 2863; x_wconf 88' lang='lat' dir='ltr'>constat</span> 
     </span>
    </p>
   </div>
  </div>
 </body>
</html>
