1887 3188
334 150 570 178 EPISCOPAL
600 149 851 178 succussmx
884 149 932 176 lx
963 148 1310 176 CLONMACNOESE.
1510 133 1594 175 113

144 251 234 295 The
265 251 424 294 follow
412 267 490 307 mg
524 250 561 292 is
593 266 618 292 a
652 255 763 292 most
795 249 1062 292 remarkable
1094 249 1336 299 document,
1375 248 1461 290 and
1490 247 1590 290 well

43 326 141 352 'wm
144 310 223 366 thy
236 310 281 352 of
301 309 483 366 perusal.
526 308 665 350 There
680 308 790 350 have
809 308 918 349 been
939 307 1154 349 famines
1142 322 1189 348 1n
1210 307 1297 348 this
1321 306 1588 362 generation,

45 368 135 410 *but
154 383 266 410 none
287 383 331 410 so
349 367 434 409 bad
454 382 499 408 as
519 366 617 408 that
636 365 828 408 referred
848 370 893 407 to
914 365 961 407 in
982 365 1070 406 this
1090 364 1242 406 letter:
1248 389 1306 395 —

46 457 96 498 ’6.
129 457 279 499 Letter
312 456 358 498 of
388 455 495 497 Rev.
538 455 668 496 Peter
708 454 873 506 Talbot,
916 454 1019 505 S.J.,
1053 455 1167 496 from
1201 455 1424 510 Antwerp,
1456 458 1501 497 to
1522 453 1598 496 the

223 514 388 570 Bishop
408 513 454 555 of
475 512 808 564 Clonmacnoise,
829 512 877 554 in
897 512 1046 563 Rome,
1070 514 1149 554 3rd
1169 513 1198 554 J
1200 513 1288 570 uly,
1312 513 1437 554 1654.

497 584 645 639 (From
665 584 740 626 the
760 583 991 626 Rinuccini
1011 584 1153 640 MSS.)

55 657 397 698 ILLUSTRlss1M13
419 670 474 697 ET
494 655 898 697 REVERENDISSIME
919 655 1121 706 DOMINE,

145 715 466 756 Illustrissimae
497 713 814 755 Dominationis
840 713 1021 755 Vestrae
1055 712 1301 755 humanitas
1335 712 1383 754 in
1412 711 1594 754 fratrem

54 787 200 814 meum
239 777 283 814 et
321 776 481 814 memet
519 771 700 813 Madriti
740 771 1030 812 demonstrata
1075 771 1265 827 postulat
1303 770 1402 827 jure
1441 769 1596 811 merito

55 830 208 871 saltem
243 845 281 886 eJ
273 829 437 871 usdem
471 829 749 895 agnitionem,
791 844 922 884 quam
956 834 1138 885 praesto,
1172 829 1390 870 offerendo
1425 828 1508 870 tibi
1543 843 1598 869 ex

44 888 182 930 -corde
201 888 373 943 integro
393 903 442 930 ac
463 887 627 929 sincero
661 902 806 929 meum
825 887 1088 942 obsequium.
1150 886 1287 928 Haud
1318 885 1468 928 dubito
1489 886 1597 940 quin

56 946 110 987 de
130 946 207 987 illa
226 945 594 988 calamitosissima
627 944 767 1001 patria
798 944 998 986 nonnihil
1033 944 1181 986 audire
1201 944 1358 1001 cupias.
1420 943 1600 986 Nullam

56 1003 238 1045 historia
259 1019 390 1054 sacra,
404 1018 483 1045 nec
502 1002 726 1058 prophana
740 1002 907 1044 ullam
896 1003 978 1058 ipsi
994 1003 1040 1044 in
1053 1002 1236 1044 miseriis
1258 1002 1442 1044 similem
1461 1001 1596 1043 fuisse

56 1062 202 1103 tradit.
265 1061 381 1103 Talis
414 1062 613 1117 tyrannis
650 1075 872 1116 nunquam
908 1061 1135 1102 memoriae
1166 1060 1327 1102 tradita
1345 1059 1444 1101 suit.
1505 1060 1603 1115 Ego

50 1119 134 1161 rubi
167 1134 192 1161 a
224 1119 284 1161 Te
324 1119 507 1160 Madriti
545 1119 832 1169 discesseram,
875 1123 990 1160 recta
1020 1118 1268 1160 Londinum
1307 1117 1462 1173 trajeci
1501 1132 1600 1159 cum

58 1176 195 1232 Regis
231 1177 443 1219 Catholici
474 1177 612 1218 literis
645 1176 698 1218 ad
732 1191 856 1217 suum
895 1176 1110 1231 Legatum
1141 1182 1191 1217 ut
1224 1191 1323 1218 suae
1353 1175 1599 1232 Majestatis

56 1235 231 1277 nomine
266 1235 418 1277 saltem
458 1235 724 1276 sacerdotum
763 1234 1086 1290 permissionem
1125 1234 1319 1276 obtinere
1359 1238 1599 1275 conaretur.

57 1293 152 1348 Ipsi
172 1293 226 1334 ob
241 1293 383 1335 oculos
402 1293 526 1348 posui
560 1296 823 1348 quantopere
853 1292 899 1333 id
933 1291 1047 1333 foret
1073 1292 1359 1334 necessarium
1391 1297 1433 1333 et
1463 1306 1599 1347 quan-

58 1357 149 1392 tam
168 1351 215 1392 in
235 1351 351 1392 Aula
364 1350 601 1406 Hispanica
614 1354 816 1405 expertus
832 1365 966 1391 essem
977 1350 1183 1406 pietatem
1203 1364 1251 1391 ac
1271 1349 1601 1415 propensionem

58 1409 293 1450 abhibendi
313 1409 564 1450 remedium.
624 1408 709 1449 Ille
728 1407 838 1448 mihi
859 1408 912 1448 ad
931 1408 1162 1463 prandium
1181 1407 1497 1449 urbanissime'
1485 1407 1598 1448 mvi-

58 1471 149 1508 tato
169 1467 295 1516 dixit,
317 1466 591 1508 Parlamento
612 1470 716 1507 tunc
736 1465 941 1507 dissoluto
962 1466 1074 1507 nihil
1093 1466 1303 1521 praestari
1322 1480 1443 1521 posse
1463 1480 1599 1520 usque

51 1524 114 1565 ⁴ad.
133 1525 235 1566 novi
255 1499 521 1566 P’arlamenti
541 1523 887 1565 convocationem
907 1528 1003 1579 post
1016 1539 1091 1565 sex
1112 1539 1276 1565 menses
1297 1538 1600 1572 successuram,

49 1582 219 1624 ,addens
240 1597 331 1623 rem
350 1582 503 1624 melius
535 1581 825 1637 peragendam
851 1581 977 1623 modo
1009 1581 1204 1638 Agentes
1232 1597 1287 1623 ex
1307 1581 1524 1623 Hibernia
1545 1581 1600 1622 ad

61 1655 128 1682 res
148 1640 403 1696 temporales
423 1640 668 1682 tractandas
688 1639 949 1689 accederent,
967 1640 1123 1694 quibus
1135 1639 1225 1695 ipse
1238 1639 1285 1681 in
1306 1639 1602 1694 spiritualibus

61 1697 240 1748 faveret,
264 1713 496 1753 corumque
517 1702 692 1739 conatus
723 1697 985 1748 secundaret,
1019 1697 1333 1754 subjunxitque
1354 1702 1398 1739 et
1420 1696 1602 1739 Hollan-

59 1756 163 1797 dum
184 1756 489 1806 centurionem,
511 1761 555 1797 et
584 1756 613 1797 J
615 1755 771 1797 esuitas
805 1754 1071 1810 Anglicanos
1102 1770 1201 1797 suae
1236 1755 1474 1797 sententiae
1505 1756 1604 1796 sub-

60 1814 304 1869 scripturos,
328 1830 426 1856 cum
446 1819 591 1855 tamen
612 1818 655 1855 et
674 1813 752 1854 hos
772 1818 815 1854 et
844 1813 969 1854 illum
989 1813 1035 1854 in
1050 1829 1191 1855 meam
1206 1813 1333 1855 ivisse
1354 1813 1600 1868 repererim.

60 1871 217 1927 Itaque
237 1871 438 1914 Londino
458 1872 506 1913 in
527 1871 788 1913 Hiberniam
817 1871 999 1912 transivi
1032 1876 1075 1913 et
1094 1872 1222 1922 idem,
1257 1872 1372 1927 quod
1392 1871 1467 1912 alii
1486 1871 1602 1926 peri-

60 1930 207 1971 culum
227 1930 379 1972 subivi.
441 1929 676 1971 Procuravi
698 1943 867 1985 quoque
887 1934 938 1970 ut
957 1929 1152 1985 Agentes
1172 1929 1219 1971 in
1239 1929 1450 1985 Angliam
1471 1929 1601 1970 desti-

60 1987 195 2029 nandi
243 1988 582 2029 nominarentur.
646 2020 654 2028 .
720 2019 728 2028 .
793 2020 802 2028 .
877 1986 1002 2029 Novo
1051 1987 1326 2029 Parlamento
1371 1993 1603 2029 convocato

53 2045 196 2087 *frater
216 2061 335 2087 meus
356 2061 453 2087 cum
472 2044 719 2100 Agentibus
750 2044 797 2086 in
828 2043 1038 2100 Angliam
1066 2045 1253 2102 trajecit.
1318 2077 1327 2086 .
1391 2078 1400 2086 .
1464 2078 1473 2086 .
1536 2045 1605 2087 Ne

61 2119 147 2144 uno
168 2103 343 2158 quidem
362 2104 492 2145 verbo
512 2103 703 2158 Legatus
729 2102 994 2144 intercedere
1014 2103 1175 2154 voluit3
1211 2102 1285 2144 alii
1315 2108 1461 2144 tamen
1491 2102 1537 2143 in
1560 2118 1603 2144 se

61 2167 314 2217 receperunt
333 2161 532 2202 futurum
552 2166 601 2202 ut
621 2161 746 2202 modo
767 2160 1030 2216 quingentae
1050 2160 1186 2202 librae
1207 2175 1374 2201 annuae
1388 2160 1601 2202 solveren-

61 2226 146 2270 tur,
197 2235 296 2261 cum
331 2219 619 2261 sacerdotibus
649 2218 974 2269 conniveretur3
1007 2233 1115 2273 quae
1146 2234 1312 2259 summa
1342 2218 1496 2268 ablata,
1531 2220 1604 2259 sed

58 2277 284 2327 incassum,
307 2277 571 2332 proindeque
585 2291 665 2318 nec
683 2290 815 2331 pensa
834 2290 913 2317 nec
941 2281 1090 2318 exacta
1110 2276 1209 2317 fuit.
1271 2276 1458 2317 Demum
1478 2291 1601 2317 usur-

61 2342 163 2389 pata
183 2350 208 2376 a
228 2335 476 2377 Protectore
497 2334 753 2376 Oromwello
785 2333 1046 2376 authoritate
1079 2335 1182 2375 adeo
1215 2334 1409 2375 absoluta
1430 2338 1472 2375 et
1494 2334 1600 2375 Ora-

62 2400 154 2434 tore
174 2408 272 2435 cum
285 2393 379 2448 ipso
399 2392 550 2435 foedus
569 2392 836 2448 percutiente
849 2391 903 2432 ad
918 2391 1034 2433 hunc
1055 2407 1079 2433 a
1098 2392 1205 2433 meis
1225 2391 1435 2433 Praelatis
1448 2392 1603 2433 missus

62 2451 129 2491 fui
149 2455 392 2492 tentaturus
413 2451 449 2492 si
469 2450 575 2506 quid
593 2454 810 2505 praestare
830 2449 973 2500 vellet,
996 2450 1066 2491 cui
1095 2450 1351 2505 persuadere
1371 2464 1459 2491 non
1480 2449 1604 2505 potui

56 2513 111 2549 uf,
131 2523 222 2550 rem
240 2508 311 2550 vel
331 2508 462 2550 semel
480 2512 738 2564 proponeret
756 2506 973 2563 pollicitus
993 2512 1138 2549 tamen.
1154 2523 1179 2548 a
1200 2523 1243 2549 se
1277 2508 1604 2563 proponendum

62 2567 188 2608 modo
209 2566 485 2609 Cromwellus
504 2566 551 2607 in
566 2580 714 2621 regem
740 2566 899 2607 electus
928 2564 1074 2607 fuerit.
1135 2565 1232 2607 Hoc
1253 2570 1317 2607 est
1348 2565 1463 2620 quod
1490 2567 1604 2607 circa

58 2624 284 2679 negotium
328 2624 446 2671 istud
495 2623 685 2666 Londini
724 2622 924 2665 successit
964 2638 1018 2664 ex
1058 2639 1143 2679 quo
1182 2623 1348 2665 duobus
1386 2623 1605 2664 mensibus

53 2681 217 2737 «elapsis
251 2697 306 2724 ex
336 2681 551 2724 Hibernia
584 2681 869 2724 discesseram.
932 2680 962 2722 J
963 2696 1032 2722 am
1064 2681 1254 2723 decimus
1293 2686 1473 2736 quartus
1513 2681 1604 2723 dies

60 2739 208 2794 agitur
223 2754 278 2781 ex
298 2754 380 2795 quo
401 2738 601 2782 Londino
620 2738 840 2794 profectus
860 2754 967 2789 sum,
1000 2739 1075 2781 ubi
1105 2739 1298 2781 omnium
1319 2753 1425 2793 quas
1446 2738 1600 2794 imagi-

59 2797 176 2838 neris
195 2797 495 2839 confusionum
510 2802 574 2839 est
592 2797 781 2838 maxima
801 2797 886 2838 ab
874 2812 966 2852 ipso
988 2796 1240 2839 Cromwello
1261 2795 1389 2851 (sicut
1408 2795 1605 2852 plerique

52 2855 321 2911 conjectant)
344 2855 568 2905 concitata,
590 2869 674 2911 quo
695 2869 762 2896 res
781 2861 1013 2896 novatuios
1033 2855 1080 2896 in
1110 2869 1323 2898 carcerem
1343 2854 1606 2910 conjiciendi

60 2913 323 2955 occasionem
357 2912 512 2968 pariat,
544 2928 600 2954 ne
641 2927 740 2954 suae
779 2911 914 2967 ipsius
952 2913 1090 2954 menti
1128 2912 1410 2954 intercedant.
1472 2912 1604 2955 Nunc

1401 2970 1428 3011 9
