1887 3188
242 118 327 160 112
764 128 945 157 D100EsE
976 127 1030 155 or
1061 127 1263 155 ARDAGH.

238 235 396 286 valeas,
419 249 520 277 suae
540 230 760 275 sanctitati
780 245 910 286 quam
924 228 1060 286 possis
1079 228 1324 271 humillime
1340 229 1552 286 supplices
1572 234 1792 285 quatenus

241 309 364 336 suam
392 291 604 335 Praelatis
630 289 846 345 aliquibus
876 293 920 330 et
939 287 1035 329 aliis
1054 286 1248 342 personis
1278 287 1449 343 deleget
1479 287 1786 330 authoritatem

242 350 493 394 absolvendi
514 364 584 391 eos
605 348 681 404 qui
700 347 859 388 timent
879 361 935 387 ne
965 359 1164 387 censuras
1194 344 1247 386 ab
1277 344 1350 386 Ill.
1373 346 1427 386 D.
1450 344 1787 401 Archiepiscopo

241 410 460 459 Firmano,
482 408 526 450 N
527 407 654 449 uncio
673 404 936 460 Apostolico,
958 403 1211 444 fulminatas
1231 403 1526 444 contraxerint
1544 418 1552 443 :
1577 403 1651 444 alii
1672 404 1788 445 enim

240 468 481 516 timoratae,
518 465 594 507 alii
623 463 800 506 laxioris
840 467 941 503 sunt
972 460 1268 503 conscientiae.
1329 460 1498 502 Poterit
1538 460 1799 502 Dominatie

239 526 400 567 Vestra
419 522 721 565 Illustrissima
740 520 787 561 in
806 523 995 561 mentem
1017 533 1216 560 revocare
1236 517 1343 573 quid
1362 518 1553 559 Praelati
1574 533 1720 560 omnes
1740 519 1788 560 in

242 599 319 625 sua
357 582 492 639 ipsius
523 579 716 623 Ecclesia
751 578 961 632 domoque
1002 575 1423 618 Cluanmacnosiensi
1454 575 1706 632 congregati
1739 576 1787 617 in

241 642 359 683 hunc
379 640 509 681 finem
531 637 790 694 generaliter
811 634 1091 676 decreverint.
1155 633 1282 680 Quod
1301 640 1446 675 autem
1467 634 1521 675 ad
1541 649 1609 675 me
1631 633 1787 675 attinet

239 698 485 741 humillime
504 696 686 752 imploro
707 693 818 735 mihi
837 697 881 735 et
912 691 1037 748 gregi
1065 706 1160 733 meo
1191 706 1290 733 suae
1321 691 1562 733 sanctitatis
1590 691 1790 733 benedic-

243 757 406 799 tionem
441 760 485 798 et
524 753 836 796 absolutionem
875 750 1056 807 ejusque
1096 748 1403 791 authoritatem
1443 749 1552 790 mihi
1592 749 1676 805 ipsi
1711 754 1786 791 aut

243 814 370 856 alteri
381 812 696 856 concedendam
711 824 795 865 quo
817 807 1076 864 generaliter
1096 806 1385 858 absolvantur,
1407 822 1508 848 nam
1524 822 1604 863 ego
1620 812 1664 848 et
1683 806 1790 863 ipsis

243 878 287 914 et
307 872 417 913 mihi
436 872 517 913 hoc
537 869 762 911 humiliter
783 873 826 908 et
848 866 957 907 serio
977 869 1147 920 exopto.
1208 865 1558 907 Dominationem
1585 865 1787 906 Vestram

243 928 664 972 Reverendissimam
697 926 747 967 in
783 924 929 980 gregis
961 923 1047 964 mei
1068 921 1405 964 satisfactionem
1437 928 1480 964 et
1520 922 1788 978 spiritualem

244 987 586 1030 incolumitatem
619 1000 697 1041 pro
734 998 783 1024 ea
818 996 903 1037 qua
937 981 985 1022 in
1021 996 1117 1022 suos
1151 980 1378 1035 populares
1409 980 1550 1022 fertur
1580 980 1800 1022 charitate·

244 1046 349 1088 adeo
369 1046 449 1087 hac
469 1045 517 1085 in
537 1059 583 1085 re
605 1057 726 1098 spero
747 1040 1035 1082 laboraturam
1048 1043 1092 1080 et
1109 1052 1378 1080 successurus
1394 1039 1451 1080 sit
1467 1039 1644 1080 effectus
1660 1053 1795 1094 quem

244 1110 470 1160 tontopore
489 1102 537 1143 in
557 1101 669 1143 votis
688 1099 830 1140 habet.

418 1161 574 1204 Vester
592 1156 862 1200 humillimus
883 1159 926 1197 et
947 1153 1355 1209 obsequentissimus
1376 1170 1536 1202 servus,

1170 1224 1358 1267 THOMAs
1389 1225 1701 1269 CASSILIENSIS.

333 1321 658 1380 Compostellae,
680 1319 834 1362 ultimo
855 1315 1128 1366 Novembris,
1154 1315 1282 1358 1653.
